2360 3958
289 251 361 383 sgr·
447 241 724 362 arsurum
753 290 855 360 rra.
885 275 952 360 1v;

289 469 414 554 vagari.
440 464 732 550 llerbisjuvantur,
754 463 1004 532 ideosarculo&
1017 483 1099 532 rurr-

291 587 420 650 catloue
437 603 503 648 nou
517 583 675 665 indigent.
715 577 846 646 Semina
862 577 886 644 fi
904 580 1001 651 ovilla
1013 579 1098 646 laste

294 695 440 766 &mulla
454 714 609 773 maceres,
633 695 746 762 dulces
761 694 929 759 nascentur
944 693 979 759 δι
989 681 1100 757 caudi-

207 805 209 810 ’
283 809 338 878 ili.
362 809 466 893 Longi
481 808 517 874 cir
531 810 633 874 terreri
647 808 743 886 fiunt,
766 805 789 870 fi
804 827 922 892 aquam
934 807 968 871 in
978 807 1107 889 patenti·

293 924 422 992 vasculo
434 923 491 990 sub
502 924 550 988 ela
565 941 676 1007 ponae,
699 923 826 990 duobus
841 922 956 1006 palmis
966 921 1101 986 inferio-

294 1057 393 1136 rem,
422 1040 581 1120 adquam
603 1036 778 1104 festinando
802 1036 884 1100 talea
906 1033 1102 1100 efficientur.

295 1149 504 1220 sineremus
522 1131 754 1229 nascentur,'fi
769 1152 858 1234 prius
873 1168 990 1213 aarum
1005 1148 1103 1213 serui·

225 1257 230 1277 '¹
295 1284 340 1336 rra
361 1265 434 1330 oleo
456 1261 574 1330 Sabino
601 1272 842 1350 perungantur,
872 1263 1028 1328 &herba
1052 1281 1103 1341 ea,

293 1377 492 1466 quaeculex
506 1377 644 1456 dicitur,
666 1379 746 1443 trita
759 1379 986 1445 enutrirentur.
1031 1377 1107 1442 Ali·

212 1477 215 1486 ’
296 1493 355 1578 qui
372 1491 488 1558 florem
502 1493 686 1558 cucumeris
701 1511 777 1556 cum
795 1493 946 1557 viticulae
961 1490 1035 1554 suae
1050 1508 1106 1554 ca·

224 1691 225 1698 ¹
276 1632 280 1643 ³
295 1605 366 1692 pits
385 1624 509 1671 canuae
523 1605 682 1684 inserunt,
705 1606 758 1670 cui
773 1606 863 1688 prius
875 1594 987 1668 omues
1001 1605 1107 1669 nodos

296 1719 550 1808 perforaveriut:
563 1719 608 1782 ibi
617 1720 761 1784 cucumis
774 1719 920 1782 nascetur
927 1717 961 1782 in
968 1718 1107 1782 nimiam

278 1831 531 1915 ‘longitudinem
548 1823 668 1898 tensus.
691 1861 693 1865 ·
711 1833 829 1898 Oleum
841 1831 891 1895 ¹lic
908 1825 1047 1910 metuit,
1070 1839 1109 1896 ut
1132 1813 1135 1824 ’

296 1937 428 2028 uiuum
439 1946 593 2030 posueris,
610 1948 700 2012 velut
714 1947 829 2012 hamus
840 1947 987 2028 plicetur.
1012 1945 1107 2024 Quc-

252 2077 258 2084 ·
296 2061 360 2127 ries
372 2067 481 2140 touat,
505 2063 595 2127 velut
608 2062 727 2125 timore
741 2059 958 2145 [perterritus]
971 2079 1110 2126 couver-

262 2224 264 2228 .
296 2173 392 2260 titur.
437 2172 472 2240 Si
496 2173 569 2256 ejus
589 2174 704 2240 florem
725 2171 805 2238 licut
825 2174 859 2237 in
884 2173 937 2238 sua
958 2173 1025 2239 vite
1049 2173 1108 2252 est,
1169 2185 1170 2188 ’

297 2287 333 2354 in
345 2289 450 2354 forma
462 2287 555 2354 fictili
570 2287 722 2353 clauseris
737 2306 775 2353 ac
786 2287 954 2371 ligaveris,
977 2287 1109 2370 qualem

233 2445 234 2448 =
299 2399 429 2469 vultum
447 2403 554 2467 icrma
574 2402 626 2469 vel
648 2401 789 2467 hominis
811 2401 863 2466 vel
882 2401 1031 2465 animalis
1048 2403 1110 2466 lra-

301 2515 430 2591 buerit,
460 2515 558 2579 talem
584 2516 731 2580 cucumis
757 2513 898 2598 figuram
923 2504 1110 2598 praestabit.
1169 2509 1170 2512 ’

301 2625 395 2693 llaec
411 2630 521 2692 omnia
534 2625 699 2712 Gargilius
709 2629 865 2694 Martialis
879 2627 1021 2693 asseruit.
1045 2631 1110 2697 Co-

300 2740 438 2809 lumella
450 2741 546 2818 dicit,
568 2743 641 2806 locu
656 2741 810 2826 aprico&
826 2741 1001 2814 stercorolo
1014 2739 1038 2806 fi
1051 2763 1109 2808 ru·

215 2881 219 2899 ⁴
300 2855 360 2924 bos
374 2855 552 2921 habeamus
570 2857 627 2920 a'ut
640 2857 774 2935 ferulas,
797 2855 865 2941 puli
881 2855 1035 2920 autumni
1050 2876 1109 2922 ae·

215 2999 220 3006 ·
299 2965 514 3056 quinctium,
536 2970 588 3036 his
597 2969 689 3053 juxta
703 2979 822 3037 terram
837 2966 945 3035 recifis
959 2968 995 3034 δι
1009 2989 1109 3056 exca-

295 3083 384 3153 uatis
402 3067 510 3167 ligneo
532 3071 622 3163 stilo,
654 3085 741 3152 iuter
761 3083 919 3150 medullas
945 3085 1109 3150 laetamen

294 3195 529 3276 immittamus,
552 3199 586 3266 u
605 3197 786 3266 cucumeris
807 3197 913 3264 semen
928 3199 1107 3265 addamusr

294 3309 371 3378 hinc
383 3312 467 3408 rusci
480 3312 618 3387 fruitus,
639 3313 695 3396 qui
706 3308 822 3395 palliat
836 3310 868 3378 ἃ
882 3312 969 3376 inter
983 3313 1108 3394 frigora

293 3440 360 3494 auu
378 3428 499 3496 uscarl.
544 3425 619 3494 Hoc
638 3426 748 3496 mense
769 3427 937 3514 asparagos
959 3427 1107 3495 feremur
