2358 3952
232 213 237 230 ⁸
294 273 363 342 nn
393 273 459 369 aa
491 271 737 344 nvsrrcr
866 295 912 366 ῃ

100 455 195 533 parte
219 457 424 532 mergantur:
456 453 542 533 quod
563 449 587 514 fi
608 434 771 528 evenerit,
798 450 905 518 statim

95 570 250 649 pereunt.
293 565 380 628 Illud
391 583 523 649 quoque
535 583 728 648 magnopere
739 583 904 644 curemus,

99 697 143 741 ne
155 677 380 759 ⁸praebeantur
400 698 483 742 nova
504 679 675 755 alimenta,
698 676 755 743 nisr
774 679 902 762 digestis

98 789 193 868 aliis;
223 791 299 873 quia
316 811 373 857 ens
387 791 540 882 facillime
554 811 637 856 onus
658 793 721 860 cibi
740 793 902 862 haerentia

101 904 273 986 extinguit.
407 889 410 898 ¹
664 887 667 896 ¹

394 1023 438 1078 De
454 1022 613 1100 anseribus.

162 1127 247 1194 Tru.
261 1129 375 1194 XXX.
406 1133 507 1196 Anser
526 1133 599 1197 sane
616 1151 677 1196 nee
696 1129 761 1197 fine
782 1131 900 1210 herbae

94 1261 156 1308 nec
172 1241 238 1308 fine
254 1262 340 1326 aqna
354 1245 448 1310 facile
463 1246 651 1333 sustineturr
675 1245 754 1309 locis
769 1243 899 1310 confitia

93 1357 246 1420 inimicus
265 1356 336 1430 est,
374 1359 449 1441 quia
470 1360 535 1422 sata
558 1357 593 1424 &
614 1359 718 1423 morsu
741 1357 897 1424 laedit&

92 1469 250 1536 stercore:
274 1471 381 1554 pullos
399 1472 536 1556 praestat
551 1470 586 1538 δι
600 1473 744 1555 plumas,
767 1469 897 1555 quaa&

90 1593 247 1649 autumno
261 1585 419 1650 vellamus
433 1585 467 1651 &
481 1606 568 1651 vere.
601 1585 666 1651 Uni
677 1586 817 1650 masculo
829 1595 897 1652 tren

88 1697 251 1763 foeminae
266 1696 434 1774 sufficiant.
479 1697 514 1762 Sl
528 1697 607 1765 defit
621 1699 756 1775 fluvius,
778 1701 896 1764 lacuna

88 1811 261 1876 formetur.
306 1809 341 1876 Si
354 1813 453 1878 herba
465 1833 530 1877 non
544 1814 698 1898 suppetit,
720 1813 894 1891 trifolium,

87 1925 222 1989 foenum
233 1923 406 2002 Graecum,
429 1926 562 2009 agrestia
574 1924 698 2002 intuba,
712 1925 894 1992 laiiuculaa
997 1929 1000 1940 '

55 2031 61 2042 ’
85 2037 231 2108 feremus
248 2039 415 2104 alimento.
460 2040 537 2104 Albi
553 2041 778 2106 foecundiores
801 2037 892 2117 sunt;

83 2153 168 2217 varii
183 2153 235 2216 vel
247 2153 324 2217 fusci
345 2151 470 2218 minus:
495 2155 574 2238 quia
588 2155 627 2220 de
635 2147 890 2236 'agrestigenere

83 2267 126 2330 arl
145 2264 357 2332 domesticum
371 2267 575 2336 tranfierunt.
619 2269 779 2333 incubant
794 2286 814 2330 a
829 2268 890 2331 Ca-

80 2379 187 2446 lendis
210 2379 317 2460 Martii
340 2381 440 2464 usque
464 2385 505 2447 ad
530 2381 693 2446 aestivum
711 2381 888 2446 solstitium.

51 2479 161 2558 ‘Plus
176 2493 322 2576 parient,
345 2491 368 2556 fi
387 2495 513 2577 gallinis
530 2515 591 2560 ova
603 2495 777 2579 supponas.
822 2495 887 2560 Ex-

80 2614 223 2680 tremum
237 2615 365 2690 partum
380 2610 536 2673 matribus
550 2609 616 2691 jam
630 2611 793 2674 vacaturis
805 2613 888 2676 edu·

79 2740 157 2784 cure
172 2720 403 2803 permittimus.
449 2709 617 2799 Periturae
632 2725 673 2788 ad
686 2724 797 2788 haram
813 2739 888 2808 per·-

77 2836 252 2898 ducantur.
289 2834 370 2900 Cum
383 2835 478 2900 semel
491 2813 688 2913 hoclfecerin
714 2837 885 2906 ‹ansuetu-

75 2947 187 3012 dinem
199 2948 309 3030 sponte
323 2949 517 3014 retinebunt.
563 2947 712 3029 Galilaia,
730 2946 811 3017 licut
826 2973 886 3034 pa·

74 3061 224 3140 vonina,
255 3060 356 3127 etiarn
379 3064 497 3128 anseris
512 3085 580 3130 uva
605 3066 775 3148 supponas.
820 3065 883 3130 Seli
984 3055 993 3079 ¹

73 3175 219 3247 anserina
242 3195 305 3238 ova
327 3195 369 3240 ne
385 3187 578 3255 noceantur,
601 3177 765 3262 suppositis
788 3177 884 3259 subji-

73 3289 181 3354 ciatur
194 3289 314 3353 urtica.
348 3289 441 3358 Parvi
452 3293 565 3380 primis
582 3294 692 3356 decem
702 3293 818 3356 diebus
831 3289 882 3354 in-

72 3409 125 3478 tua
139 3402 292 3490 pascendi
310 3401 401 3486 sunt,
430 3404 539 3495 postea
556 3405 666 3472 sereno
685 3425 741 3470 eas
760 3403 881 3489 poteri*

638 3518 663 3586 C
685 3539 706 3608 3
810 3559 812 3566 ·
