2358 3952
282 258 350 328 na
380 258 448 330 aa
476 256 722 352 nvsrrca
856 281 903 355 47

92 449 181 522 aqna
192 433 336 515 decocta,
358 407 520 506 fimuriae
532 438 625 508 mista
637 441 801 506 landatur.
824 441 903 508 Exi-

91 547 225 616 stimant
258 551 358 634 aliqui
385 553 521 618 locustar
552 556 603 636 vel
629 554 770 639 scorpios
796 556 903 639 iugari

90 663 196 747 posse,
219 661 244 726 fi
261 665 361 746 aliqui
381 687 422 732 ex
440 667 487 731 eis
506 677 645 733 urantur
661 669 696 732 in
716 667 835 734 medio.
857 700 903 716 —-

93 776 233 861 (lampas
252 779 401 844 nonnulli
420 778 560 846 ficulneo
580 783 688 874 cinere
704 779 902 866 persequun-

91 900 157 955 tur.
182 888 218 972 Si
232 893 473 974 permanserint,
485 897 583 960 urina
593 895 715 960 bubula
726 894 759 960 ἃ
770 913 903 960 amurca

89 1005 271 1087 aequaliter
286 1005 378 1071 mista
395 1009 603 1073 conservarint
608 1053 618 1086 ,
641 1007 676 1074 δι
692 1008 749 1075 ubi
764 1008 903 1074 refrixe-

89 1117 174 1196 rint,
198 1119 287 1184 olera
302 1121 791 1204 omniahncimbreconsperge.
815 1123 901 1208 lipe-

88 1229 256 1318 ccucipriac
274 1233 390 1298 Graeci
412 1245 529 1300 vocant
551 1237 721 1312 animalia,
746 1254 828 1319 quae
851 1234 903 1298 so·

88 1344 160 1410 lent
174 1345 278 1410 hortis
293 1367 421 1412 nocere.
451 1347 540 1431 Ergo
554 1349 773 1414 ventriculum
787 1368 903 1413 verve-

90 1459 138 1524 cis
151 1457 258 1522 statim
272 1459 366 1524 occisi
380 1462 512 1544 plenum
530 1462 675 1527 sordibus
692 1461 769 1541 sula,
788 1460 901 1545 spatio,

90 1591 157 1656 qno
173 1574 355 1648 abundant,
377 1575 494 1640 leviter
508 1576 640 1642 debebis
655 1576 792 1660 operire.
828 1573 902 1641 Post

89 1686 229 1751 biduum
251 1689 392 1771 reperies
414 1687 459 1756 ibi
480 1690 633 1756 animalia
653 1691 719 1774 ipsa
741 1688 901 1772 congesta.
956 1731 960 1736 -

87 1799 164 1866 Hoc
181 1819 258 1864 curn
275 1802 325 1866 bia
340 1803 390 1868 vel
404 1804 501 1868 tertio
516 1805 633 1869 feceris
642 1850 652 1881 ,
676 1824 778 1887 genus
792 1823 900 1879 omne,

87 1917 178 1998 quod
195 1915 342 1993 nocebit,
366 1917 547 1999 extinguet.
584 1902 741 1982 Grandini
757 1915 902 1982 creditur

87 2029 234 2104 ¹obviare,
249 2027 271 2092 fi
285 2030 357 2112 quia
370 2031 525 2094 ¹crocodili
538 2032 656 2113 pellem
670 2031 722 2095 vel
735 2030 899 2114 hyaenae,

86 2143 142 2209 vel
164 2142 282 2206 marini
306 2140 398 2207 vituli
418 2162 475 2228 per
497 2145 597 2228 spatia
617 2141 811 2227 paffeffionia
836 2141 901 2206 cir·

87 2257 264 2334 cumferat,
287 2254 322 2321 δι
335 2257 369 2320 in
385 2258 479 2324 villae
493 2267 550 2322 ant
563 2258 660 2322 cortis
673 2256 838 2340 suspendat
849 2256 903 2319 in·

85 2367 215 2451 greffu,
240 2390 315 2434 cum
330 2373 450 2436 malum
464 2372 581 2439 viderit
597 2372 779 2436 imminere.
816 2371 900 2436 ltcrn

86 2482 111 2548 sr
126 2481 296 2566 palustrem
310 2483 504 2550 testudinem
517 2487 629 2549 dextra
641 2503 740 2548 manu
751 2483 900 2568 supinam

85 2598 197 2663 serene
213 2599 324 2663 vinear
339 2599 553 2679 perambulet,
576 2596 611 2669 ὅτ
627 2596 772 2664 reversus
786 2600 902 2662 endem

86 2713 188 2776 modo
201 2709 243 2774 fic
256 2711 347 2776 illam
360 2719 458 2795 ponat
471 2713 507 2778 in
519 2722 617 2790 terra,
641 2711 675 2777 ἃ
691 2712 799 2796 glebas
817 2704 900 2774 dorsi

86 2823 158 2907 ejus
168 2823 301 2908 objiciat
310 2835 515 2904 curvaturae,
538 2847 579 2891 ne
592 2825 684 2909 possit
695 2825 824 2900 inverti,
847 2821 901 2888 scd

85 2937 200 3020 supina
216 2947 415 3021 permaneat.
456 2940 529 3006 Hoc
541 2940 627 3005 scito
641 2943 747 3005 fertur
763 2937 900 3023 spatium

88 3051 131 3117 fic
149 3051 319 3117 defensum
336 3055 438 3120 nuber
458 3055 589 3120 inimica
605 3053 831 3118 transcurrere.
854 3079 901 3094 ··-

86 3166 251 3232 Nonnulli
265 3166 320 3231 ubi
339 3165 455 3234 instare
472 3169 595 3234 rnalnrn
611 3168 766 3240 viderint,
789 3161 899 3224 oblato
957 3237 960 3249 Ι

85 3279 216 3365 speculo
231 3280 407 3362 imaginem
419 3284 512 3348 nubis
528 3283 701 3365 accipiunt,
725 3277 759 3342 δι
773 3276 835 3348 hcc
849 3291 902 3338 rc·

85 3395 195 3463 medic
216 3395 341 3462 nubem
358 3391 437 3480 (sen
455 3405 492 3464 ut
506 3394 567 3467 wlibi
583 3391 708 3478 o'bjesta
725 3386 900 3473 displiceat,
