2358 3952
215 301 683 410 ¹*rrarrvarrvs
810 307 881 396 a

75 481 124 546 rio
141 477 176 547 &
194 479 383 559 Februario,
412 481 491 548 item
512 483 593 548 locis
611 483 722 548 calidis
742 481 878 549 Ostobri

81 593 306 672 &Novembri
328 595 446 660 semine
460 595 494 660 δι
508 596 636 679 plantis,
660 615 744 680 quae
755 598 795 661 de
805 615 877 661 ma-

76 705 148 793 joris
163 708 268 773 radice
281 704 453 774 tolluntur.
486 707 550 775 Sed
566 710 601 790 in
614 711 676 774 hoc
686 717 809 793 'genere
822 729 875 774 ar-

77 821 157 887 boria
172 822 254 886 nihil
268 813 380 887 utilius
401 821 457 899 est,
481 841 577 907 quam
598 822 803 888 seminarium
815 826 874 909 lsa-

71 945 154 1000 'cerer
199 935 371 1000 Fodiemus
390 956 468 1020 ergo
483 938 582 1024 algam
598 939 679 1021 pede
697 959 762 1002 uno
777 937 873 1003 semia

75 1064 187 1126 aream,
208 1050 243 1114 iu
256 1068 320 1132 qua
331 1051 507 1118 obruemur
521 1052 704 1135 amygdala,
727 1071 791 1116 naa
802 1071 874 1115 am·

74 1161 151 1244 plius
162 1170 303 1245 quatuor
316 1163 440 1246 digitis,
463 1159 510 1228 ita
523 1173 561 1228 ut
572 1166 721 1228 acumina
734 1164 871 1247 figamus

74 1272 214 1359 interra,
230 1277 329 1360 spatio
344 1277 428 1342 inter
443 1277 474 1343 se
490 1277 642 1343 binorum
653 1280 769 1360 pedum
783 1277 874 1362 sepa-

73 1398 148 1454 rata.
189 1390 316 1454 Amant
331 1409 444 1474 agrum
462 1376 589 1470 dur'um,
611 1389 739 1469 siccum,
763 1392 873 1455 calcu·
1082 1472 1085 1476 Ι

68 1498 190 1581 losum,
223 1503 351 1569 caelum
371 1501 613 1595 calidissimum,
642 1506 720 1587 quia
739 1491 871 1570 mature

72 1611 179 1682 florere
192 1613 440 1684 consueverunt.
469 1619 521 1682 Ita
534 1617 720 1683 statuendae
734 1617 805 1682 sunt
817 1636 871 1681 ar·
899 1609 903 1617 ’

70 1725 174 1808 bores,
196 1739 238 1796 ut
252 1733 292 1795 ad
305 1731 474 1798 meridiem
491 1730 644 1814 speiient.
684 1733 764 1798 Cum
775 1731 808 1794 in
821 1731 868 1796 se÷

68 1819 866 1928 mmmmmmmmmmmm

67 1952 240 2034 sufficiant,
265 1959 400 2042 plantis,
424 1958 503 2022 alias
517 1959 747 2022 transferemus
760 1956 867 2022 mense

67 2063 246 2164 Februrrio.
280 2067 344 2136 Sed
358 2072 423 2155 ipsa
434 2071 606 2156 amygdala
616 2073 657 2135 ad
668 2071 865 2155 ponendum,

68 2177 190 2252 &nova
203 2186 353 2269 legamus
368 2185 403 2253 δι
418 2185 568 2269 grandia,
591 2203 674 2270 quae
690 2191 866 2267 antequam

40 2369 44 2384 ι
65 2284 216 2377 ponamus
226 2343 237 2378 ,
260 2298 364 2382 pridie
381 2300 482 2364 mulsa
499 2305 603 2382 aqua,
626 2300 674 2364 ita
691 2306 736 2363 ut¹
753 2317 794 2362 ae
815 2297 867 2360 ui·

62 2409 139 2488 mis,
169 2431 394 2490 maceremus,
423 2433 465 2480 ne
482 2432 615 2497 germen
630 2411 807 2496 extinguat
823 2431 865 2475 ex

62 2523 161 2589 multo
176 2526 276 2592 melle
292 2527 499 2594 mordacitas.
543 2525 612 2591 Alii
626 2527 715 2611 prius
731 2523 809 2590 fimo
822 2524 865 2589 li·

62 2637 155 2717 quido
172 2640 392 2722 pertriduum
407 2659 506 2706 nuces
525 2661 581 2705 eas
599 2647 782 2709 macerant:
804 2638 862 2714 de-

60 2745 128 2816 inde
142 2751 245 2818 die&
258 2737 431 2820 uosteeffe
446 2754 614 2836 patiuntur
626 2754 661 2819 in
676 2753 787 2829 mulsa,
809 2751 864 2816 sed

60 2881 135 2944 quae
150 2864 366 2950 suspicionem
387 2877 518 2933 tantum
539 2863 632 2952 poffit
649 2869 769 2934 habere
786 2865 940 2942 dul-¹„
1019 2897 1021 2902 ·
1143 2852 1148 2860 ’

57 2979 186 3045 cedinis.
234 2981 318 3046 Cum
332 2981 366 3046 in
382 2981 550 3047 seminario
566 2982 741 3066 amygdala
757 2977 864 3063 dispo·
929 3007 947 3014 ·’

58 3088 178 3172 nimus,
201 3093 228 3158 fi
248 3093 372 3160 ficcitaa
389 3074 614 3173 intercefferit,
636 3100 688 3160 ter
701 3095 737 3158 in
754 3091 862 3166 mense

56 3202 207 3286 rigemus,
231 3205 268 3274 dr
282 3209 390 3274 herbis
402 3209 603 3274 nascentibus
612 3205 863 3274 circumfodien-

56 3315 92 3379 do
110 3320 203 3404 saepe
225 3339 416 3406 purgemus.
460 3321 565 3386 Terra
582 3319 742 3388 seminarii
758 3319 860 3380 laeta-

56 3444 123 3498 men
147 3435 274 3505 hahere
298 3437 394 3505 debet
414 3433 596 3507 admistum·
641 3431 751 3518 Spatia
767 3429 880 3510 ,inter-¹

491 3601 494 3612 ,
615 3549 685 3632 Es
