<?xml version="1.0" encoding="UTF-8"?>
<!DOCTYPE html PUBLIC "-//W3C//DTD XHTML 1.0 Transitional//EN"
    "http://www.w3.org/TR/xhtml1/DTD/xhtml1-transitional.dtd">
<html xmlns="http://www.w3.org/1999/xhtml" xml:lang="en" lang="en">
 <head>
  <title>
</title>
<meta http-equiv="Content-Type" content="text/html;charset=utf-8" />
  <meta name='ocr-system' content='tesseract 3.04.00' />
  <meta name='ocr-capabilities' content='ocr_page ocr_carea ocr_par ocr_line ocrx_word'/>
</head>
<body>
  <div class='ocr_page' id='page_1' title='image "./palladiirutilta00gesngoog_0050.png"; bbox 0 0 2358 3952; ppageno 0'>
   <div class='ocr_carea' id='block_1_1' title="bbox 288 257 1049 376">
    <p class='ocr_par' dir='ltr' id='par_1_1' title="bbox 288 257 1049 376">
     <span class='ocr_line' id='line_1_1' title="bbox 288 257 1049 376; baseline -0.001 -44"><span class='ocrx_word' id='word_1_1' title='bbox 288 257 733 333; x_wconf 77' lang='lat' dir='ltr'>usunnvsrrce·</span> <span class='ocrx_word' id='word_1_2' title='bbox 862 281 915 353; x_wconf 67' lang='lat'>45</span> <span class='ocrx_word' id='word_1_3' title='bbox 980 285 983 289; x_wconf 95' lang='lat'>·</span> <span class='ocrx_word' id='word_1_4' title='bbox 1045 368 1049 376; x_wconf 22' lang='grc' dir='ltr'>Ι</span> 
     </span>
    </p>
   </div>
   <div class='ocr_carea' id='block_1_2' title="bbox 96 437 1095 3479">
    <p class='ocr_par' dir='ltr' id='par_1_2' title="bbox 101 437 915 526">
     <span class='ocr_line' id='line_1_2' title="bbox 101 437 915 526; baseline 0.001 -18"><span class='ocrx_word' id='word_1_5' title='bbox 101 437 303 526; x_wconf 65' lang='lat' dir='ltr'><strong>quibuslibet</strong></span> <span class='ocrx_word' id='word_1_6' title='bbox 324 441 434 504; x_wconf 85' lang='lat' dir='ltr'>noceri</span> <span class='ocrx_word' id='word_1_7' title='bbox 456 439 543 524; x_wconf 84' lang='lat' dir='ltr'>poffe</span> <span class='ocrx_word' id='word_1_8' title='bbox 561 459 580 504; x_wconf 82' lang='lat' dir='ltr'>a</span> <span class='ocrx_word' id='word_1_9' title='bbox 597 441 841 526; x_wconf 81' lang='lat' dir='ltr'>quibuscunque</span> <span class='ocrx_word' id='word_1_10' title='bbox 855 439 915 509; x_wconf 65' lang='lat' dir='ltr'>bea</span> 
     </span>
    </p>

    <p class='ocr_par' dir='ltr' id='par_1_3' title="bbox 100 551 914 637">
     <span class='ocr_line' id='line_1_3' title="bbox 100 551 914 637; baseline 0 -17"><span class='ocrx_word' id='word_1_11' title='bbox 100 557 188 632; x_wconf 80' lang='lat' dir='ltr'>stiis,</span> <span class='ocrx_word' id='word_1_12' title='bbox 211 551 235 617; x_wconf 85' lang='lat' dir='ltr'><strong>fi</strong></span> <span class='ocrx_word' id='word_1_13' title='bbox 252 553 401 618; x_wconf 84' lang='lat' dir='ltr'>fluviales</span> <span class='ocrx_word' id='word_1_14' title='bbox 420 573 552 616; x_wconf 80' lang='lat' dir='ltr'>cancros</span> <span class='ocrx_word' id='word_1_15' title='bbox 570 555 726 637; x_wconf 82' lang='lat' dir='ltr'>plurimos</span> <span class='ocrx_word' id='word_1_16' title='bbox 746 559 797 620; x_wconf 90' lang='lat' dir='ltr'>vel</span> <span class='ocrx_word' id='word_1_17' title='bbox 814 558 914 620; x_wconf 82' lang='lat' dir='ltr'>muri·</span> 
     </span>
    </p>

    <p class='ocr_par' dir='ltr' id='par_1_4' title="bbox 101 655 1095 976">
     <span class='ocr_line' id='line_1_4' title="bbox 101 655 1095 752; baseline 0.002 -19"><span class='ocrx_word' id='word_1_18' title='bbox 101 688 183 746; x_wconf 89' lang='lat' dir='ltr'>nos,</span> <span class='ocrx_word' id='word_1_19' title='bbox 206 687 289 752; x_wconf 89' lang='lat' dir='ltr'>quos</span> <span class='ocrx_word' id='word_1_20' title='bbox 315 665 431 732; x_wconf 79' lang='lat' dir='ltr'>Graeci</span> <span class='ocrx_word' id='word_1_21' title='bbox 453 667 600 752; x_wconf 70' lang='grc' dir='ltr'><em>παγοὺρες</em></span> <span class='ocrx_word' id='word_1_22' title='bbox 621 669 815 746; x_wconf 80' lang='lat' dir='ltr'>nominant,</span> <span class='ocrx_word' id='word_1_23' title='bbox 845 689 912 735; x_wconf 92' lang='lat' dir='ltr'>non</span> <span class='ocrx_word' id='word_1_24' title='bbox 975 697 977 704; x_wconf 95' lang='lat'>·</span> <span class='ocrx_word' id='word_1_25' title='bbox 1083 655 1095 668; x_wconf 80' lang='grc'>’</span> 
     </span>
     <span class='ocr_line' id='line_1_5' title="bbox 102 779 941 866; baseline 0.001 -20"><span class='ocrx_word' id='word_1_26' title='bbox 102 783 213 846; x_wconf 83' lang='lat' dir='ltr'>minus</span> <span class='ocrx_word' id='word_1_27' title='bbox 237 799 334 864; x_wconf 86' lang='lat' dir='ltr'>quarn</span> <span class='ocrx_word' id='word_1_28' title='bbox 361 782 471 844; x_wconf 87' lang='lat' dir='ltr'>decern</span> <span class='ocrx_word' id='word_1_29' title='bbox 500 779 592 844; x_wconf 72' lang='lat' dir='ltr'>ficliri</span> <span class='ocrx_word' id='word_1_30' title='bbox 617 782 744 848; x_wconf 81' lang='lat' dir='ltr'>vasculo</span> <span class='ocrx_word' id='word_1_31' title='bbox 770 783 805 846; x_wconf 90' lang='lat' dir='ltr'>in</span> <span class='ocrx_word' id='word_1_32' title='bbox 827 802 911 866; x_wconf 74' lang='lat' dir='ltr'>aque</span> <span class='ocrx_word' id='word_1_33' title='bbox 939 794 941 800; x_wconf 79' lang='grc'>’</span> 
     </span>
     <span class='ocr_line' id='line_1_6' title="bbox 103 892 912 976; baseline 0 -16"><span class='ocrx_word' id='word_1_34' title='bbox 103 896 214 960; x_wconf 84' lang='lat' dir='ltr'>miffos</span> <span class='ocrx_word' id='word_1_35' title='bbox 225 902 328 976; x_wconf 83' lang='lat' dir='ltr'>tegas,</span> <span class='ocrx_word' id='word_1_36' title='bbox 346 892 505 959; x_wconf 84' lang='lat' dir='ltr'>&amp;subdio</span> <span class='ocrx_word' id='word_1_37' title='bbox 516 893 645 973; x_wconf 81' lang='lat' dir='ltr'>statuas,</span> <span class='ocrx_word' id='word_1_38' title='bbox 669 904 704 956; x_wconf 83' lang='lat' dir='ltr'>ut</span> <span class='ocrx_word' id='word_1_39' title='bbox 717 897 828 960; x_wconf 83' lang='lat' dir='ltr'>decern</span> <span class='ocrx_word' id='word_1_40' title='bbox 842 897 912 960; x_wconf 88' lang='lat' dir='ltr'>‹lie-</span> 
     </span>
    </p>

    <p class='ocr_par' dir='ltr' id='par_1_5' title="bbox 101 989 913 1092">
     <span class='ocr_line' id='line_1_7' title="bbox 101 989 913 1092; baseline -0.002 -16"><span class='ocrx_word' id='word_1_41' title='bbox 101 1011 166 1076; x_wconf 89' lang='lat' dir='ltr'>bus</span> <span class='ocrx_word' id='word_1_42' title='bbox 186 1009 250 1072; x_wconf 88' lang='lat' dir='ltr'>sole</span> <span class='ocrx_word' id='word_1_43' title='bbox 268 1015 471 1090; x_wconf 83' lang='lat' dir='ltr'>vaporentur.</span> <span class='ocrx_word' id='word_1_44' title='bbox 515 1007 628 1074; x_wconf 79' lang='lat' dir='ltr'>Postea</span> <span class='ocrx_word' id='word_1_45' title='bbox 645 989 855 1092; x_wconf 80' lang='lat' dir='ltr'>quaecunque</span> <span class='ocrx_word' id='word_1_46' title='bbox 871 1011 913 1074; x_wconf 84' lang='lat' dir='ltr'>il-</span> 
     </span>
    </p>

    <p class='ocr_par' dir='ltr' id='par_1_6' title="bbox 100 1119 1040 1765">
     <span class='ocr_line' id='line_1_8' title="bbox 100 1119 1040 1206; baseline 0 -20"><span class='ocrx_word' id='word_1_47' title='bbox 100 1123 187 1186; x_wconf 77' lang='lat' dir='ltr'>laesa</span> <span class='ocrx_word' id='word_1_48' title='bbox 201 1123 343 1203; x_wconf 72' lang='lat' dir='ltr'>volueris</span> <span class='ocrx_word' id='word_1_49' title='bbox 362 1120 442 1198; x_wconf 80' lang='lat' dir='ltr'>effe,</span> <span class='ocrx_word' id='word_1_50' title='bbox 467 1119 526 1202; x_wconf 78' lang='lat' dir='ltr'>[ea</span> <span class='ocrx_word' id='word_1_51' title='bbox 541 1123 645 1206; x_wconf 83' lang='lat' dir='ltr'>aqua]</span> <span class='ocrx_word' id='word_1_52' title='bbox 661 1123 853 1205; x_wconf 79' lang='lat' dir='ltr'>perfundas,</span> <span class='ocrx_word' id='word_1_53' title='bbox 875 1121 912 1197; x_wconf 69' lang='lat' dir='ltr'>cic</span> <span class='ocrx_word' id='word_1_54' title='bbox 1033 1147 1040 1174; x_wconf 63' lang='lat' dir='ltr'>r</span> 
     </span>
     <span class='ocr_line' id='line_1_9' title="bbox 103 1217 912 1318; baseline 0.002 -19"><span class='ocrx_word' id='word_1_55' title='bbox 103 1233 232 1299; x_wconf 72' lang='lat' dir='ltr'>ostonis</span> <span class='ocrx_word' id='word_1_56' title='bbox 256 1220 527 1318; x_wconf 53' lang='lat' dir='ltr'>diebwperailis</span> <span class='ocrx_word' id='word_1_57' title='bbox 548 1235 611 1298; x_wconf 87' lang='lat' dir='ltr'>hoc</span> <span class='ocrx_word' id='word_1_58' title='bbox 634 1217 777 1318; x_wconf 79' lang='lat' dir='ltr'>repetas,</span> <span class='ocrx_word' id='word_1_59' title='bbox 809 1237 912 1301; x_wconf 83' lang='lat' dir='ltr'>donec</span> 
     </span>
     <span class='ocr_line' id='line_1_10' title="bbox 100 1349 912 1430; baseline -0.001 -16"><span class='ocrx_word' id='word_1_60' title='bbox 100 1350 222 1425; x_wconf 77' lang='lat' dir='ltr'>solide,</span> <span class='ocrx_word' id='word_1_61' title='bbox 246 1367 331 1430; x_wconf 80' lang='lat' dir='ltr'>quae</span> <span class='ocrx_word' id='word_1_62' title='bbox 350 1349 528 1430; x_wconf 84' lang='lat' dir='ltr'>optaveris,</span> <span class='ocrx_word' id='word_1_63' title='bbox 552 1349 742 1411; x_wconf 81' lang='lat' dir='ltr'>adolescant.</span> <span class='ocrx_word' id='word_1_64' title='bbox 766 1381 809 1396; x_wconf 89' lang='lat'>-</span> <span class='ocrx_word' id='word_1_65' title='bbox 831 1349 912 1413; x_wconf 85' lang='lat' dir='ltr'>For·</span> 
     </span>
     <span class='ocr_line' id='line_1_11' title="bbox 102 1459 911 1544; baseline 0 -18"><span class='ocrx_word' id='word_1_66' title='bbox 102 1464 206 1526; x_wconf 68' lang='lat' dir='ltr'>muns</span> <span class='ocrx_word' id='word_1_67' title='bbox 225 1462 353 1544; x_wconf 82' lang='lat' dir='ltr'>abiges,</span> <span class='ocrx_word' id='word_1_68' title='bbox 374 1459 398 1523; x_wconf 86' lang='lat' dir='ltr'>fi</span> <span class='ocrx_word' id='word_1_69' title='bbox 416 1461 548 1542; x_wconf 79' lang='lat' dir='ltr'>origano</span> <span class='ocrx_word' id='word_1_70' title='bbox 568 1459 603 1525; x_wconf 73' lang='grc' dir='ltr'>δι</span> <span class='ocrx_word' id='word_1_71' title='bbox 620 1459 741 1536; x_wconf 78' lang='lat' dir='ltr'>sulfure</span> <span class='ocrx_word' id='word_1_72' title='bbox 756 1461 842 1526; x_wconf 84' lang='lat' dir='ltr'>tritis</span> <span class='ocrx_word' id='word_1_73' title='bbox 860 1463 911 1526; x_wconf 81' lang='lat' dir='ltr'>lo·</span> 
     </span>
     <span class='ocr_line' id='line_1_12' title="bbox 101 1573 909 1658; baseline -0.002 -18"><span class='ocrx_word' id='word_1_74' title='bbox 101 1595 216 1641; x_wconf 84' lang='lat' dir='ltr'>namen</span> <span class='ocrx_word' id='word_1_75' title='bbox 230 1575 387 1658; x_wconf 76' lang='lat' dir='ltr'><strong>asperges.</strong></span> <span class='ocrx_word' id='word_1_76' title='bbox 419 1574 493 1638; x_wconf 85' lang='lat' dir='ltr'>Hoc</span> <span class='ocrx_word' id='word_1_77' title='bbox 508 1573 543 1639; x_wconf 86' lang='lat'>&amp;</span> <span class='ocrx_word' id='word_1_78' title='bbox 558 1575 671 1658; x_wconf 82' lang='lat' dir='ltr'>apibus</span> <span class='ocrx_word' id='word_1_79' title='bbox 682 1582 788 1640; x_wconf 84' lang='lat' dir='ltr'>nocet.</span> <span class='ocrx_word' id='word_1_80' title='bbox 822 1577 909 1642; x_wconf 82' lang='lat' dir='ltr'>Item</span> 
     </span>
     <span class='ocr_line' id='line_1_13' title="bbox 102 1686 911 1765; baseline -0.001 -10"><span class='ocrx_word' id='word_1_81' title='bbox 102 1691 311 1754; x_wconf 83' lang='lat' dir='ltr'>cochlearum</span> <span class='ocrx_word' id='word_1_82' title='bbox 324 1707 443 1763; x_wconf 81' lang='lat' dir='ltr'>vacuas</span> <span class='ocrx_word' id='word_1_83' title='bbox 455 1687 551 1752; x_wconf 84' lang='lat' dir='ltr'>tellas</span> <span class='ocrx_word' id='word_1_84' title='bbox 568 1686 592 1749; x_wconf 88' lang='lat' dir='ltr'>fi</span> <span class='ocrx_word' id='word_1_85' title='bbox 608 1686 739 1765; x_wconf 82' lang='lat' dir='ltr'>usseris,</span> <span class='ocrx_word' id='word_1_86' title='bbox 762 1687 798 1754; x_wconf 76' lang='grc' dir='ltr'>δι</span> <span class='ocrx_word' id='word_1_87' title='bbox 809 1709 849 1754; x_wconf 83' lang='lat' dir='ltr'>eo</span> <span class='ocrx_word' id='word_1_88' title='bbox 862 1690 911 1754; x_wconf 84' lang='lat' dir='ltr'>ci·</span> 
     </span>
    </p>

    <p class='ocr_par' dir='ltr' id='par_1_7' title="bbox 98 1795 1034 1998">
     <span class='ocr_line' id='line_1_14' title="bbox 101 1795 1034 1886; baseline -0.001 -16"><span class='ocrx_word' id='word_1_89' title='bbox 101 1825 181 1870; x_wconf 88' lang='lat' dir='ltr'>nere</span> <span class='ocrx_word' id='word_1_90' title='bbox 203 1806 349 1868; x_wconf 76' lang='lat' dir='ltr'>foramen</span> <span class='ocrx_word' id='word_1_91' title='bbox 373 1802 528 1866; x_wconf 83' lang='lat' dir='ltr'>inculces.</span> <span class='ocrx_word' id='word_1_92' title='bbox 550 1811 599 1850; x_wconf 87' lang='grc'>-’</span> <span class='ocrx_word' id='word_1_93' title='bbox 618 1803 745 1867; x_wconf 87' lang='lat' dir='ltr'>Culices</span> <span class='ocrx_word' id='word_1_94' title='bbox 770 1795 920 1886; x_wconf 76' lang='lat' dir='ltr'>galbano</span> <span class='ocrx_word' id='word_1_95' title='bbox 1031 1839 1034 1852; x_wconf 47' lang='grc' dir='ltr'><em>ι</em></span> 
     </span>
     <span class='ocr_line' id='line_1_15' title="bbox 98 1913 912 1998; baseline -0.004 -16"><span class='ocrx_word' id='word_1_96' title='bbox 98 1917 205 1984; x_wconf 84' lang='lat' dir='ltr'>inluso</span> <span class='ocrx_word' id='word_1_97' title='bbox 215 1917 377 1998; x_wconf 82' lang='lat' dir='ltr'>fugantur,</span> <span class='ocrx_word' id='word_1_98' title='bbox 391 1922 447 1979; x_wconf 83' lang='lat' dir='ltr'>aut</span> <span class='ocrx_word' id='word_1_99' title='bbox 460 1913 589 1980; x_wconf 79' lang='lat' dir='ltr'>sulfure.</span> <span class='ocrx_word' id='word_1_100' title='bbox 599 1947 644 1962; x_wconf 87' lang='lat'>—-</span> <span class='ocrx_word' id='word_1_101' title='bbox 665 1915 791 1980; x_wconf 83' lang='lat' dir='ltr'>Pulices</span> <span class='ocrx_word' id='word_1_102' title='bbox 800 1933 912 1981; x_wconf 75' lang='lat' dir='ltr'>arnur-</span> 
     </span>
    </p>

    <p class='ocr_par' dir='ltr' id='par_1_8' title="bbox 99 2027 913 2234">
     <span class='ocr_line' id='line_1_16' title="bbox 99 2027 913 2115; baseline -0.004 -18"><span class='ocrx_word' id='word_1_103' title='bbox 99 2052 139 2097; x_wconf 81' lang='lat' dir='ltr'>ca</span> <span class='ocrx_word' id='word_1_104' title='bbox 162 2047 222 2115; x_wconf 89' lang='lat' dir='ltr'>per</span> <span class='ocrx_word' id='word_1_105' title='bbox 238 2029 458 2114; x_wconf 79' lang='lat' dir='ltr'>pavimentum</span> <span class='ocrx_word' id='word_1_106' title='bbox 479 2029 666 2112; x_wconf 79' lang='lat' dir='ltr'>frequenter</span> <span class='ocrx_word' id='word_1_107' title='bbox 690 2027 811 2111; x_wconf 76' lang='lat' dir='ltr'>aspersa</span> <span class='ocrx_word' id='word_1_108' title='bbox 823 2074 834 2107; x_wconf 83' lang='lat'><strong><em>‚</em></strong></span> <span class='ocrx_word' id='word_1_109' title='bbox 858 2027 913 2109; x_wconf 68' lang='lat' dir='ltr'>vsi</span> 
     </span>
     <span class='ocr_line' id='line_1_17' title="bbox 100 2139 909 2234; baseline -0.005 -25"><span class='ocrx_word' id='word_1_110' title='bbox 100 2145 241 2234; x_wconf 77' lang='lat' dir='ltr'>cymIno</span> <span class='ocrx_word' id='word_1_111' title='bbox 258 2142 371 2226; x_wconf 80' lang='lat' dir='ltr'>agresti</span> <span class='ocrx_word' id='word_1_112' title='bbox 386 2160 462 2207; x_wconf 82' lang='lat' dir='ltr'>curn</span> <span class='ocrx_word' id='word_1_113' title='bbox 478 2160 564 2226; x_wconf 83' lang='lat' dir='ltr'>aqua</span> <span class='ocrx_word' id='word_1_114' title='bbox 582 2141 679 2220; x_wconf 83' lang='lat' dir='ltr'>trito,</span> <span class='ocrx_word' id='word_1_115' title='bbox 702 2142 757 2206; x_wconf 81' lang='lat' dir='ltr'>vel</span> <span class='ocrx_word' id='word_1_116' title='bbox 770 2139 795 2204; x_wconf 87' lang='lat' dir='ltr'><strong>fi</strong></span> <span class='ocrx_word' id='word_1_117' title='bbox 808 2162 909 2206; x_wconf 86' lang='lat' dir='ltr'>cucu-</span> 
     </span>
    </p>

    <p class='ocr_par' dir='ltr' id='par_1_9' title="bbox 98 2247 1009 2908">
     <span class='ocr_line' id='line_1_18' title="bbox 100 2247 964 2340; baseline 0.002 -16"><span class='ocrx_word' id='word_1_118' title='bbox 100 2251 206 2324; x_wconf 67' lang='lat' dir='ltr'>meris*</span> <span class='ocrx_word' id='word_1_119' title='bbox 224 2255 354 2340; x_wconf 74' lang='lat' dir='ltr'>agrestis</span> <span class='ocrx_word' id='word_1_120' title='bbox 376 2253 484 2321; x_wconf 87' lang='lat' dir='ltr'>semen</span> <span class='ocrx_word' id='word_1_121' title='bbox 507 2247 590 2338; x_wconf 70' lang='lat' dir='ltr'>siqua</span> <span class='ocrx_word' id='word_1_122' title='bbox 613 2255 790 2320; x_wconf 86' lang='lat' dir='ltr'>resolutum</span> <span class='ocrx_word' id='word_1_123' title='bbox 815 2253 911 2338; x_wconf 77' lang='lat' dir='ltr'>saepo</span> <span class='ocrx_word' id='word_1_124' title='bbox 963 2323 964 2326; x_wconf 74' lang='grc'>,</span> 
     </span>
     <span class='ocr_line' id='line_1_19' title="bbox 98 2367 912 2453; baseline -0.005 -15"><span class='ocrx_word' id='word_1_125' title='bbox 98 2373 277 2448; x_wconf 80' lang='lat' dir='ltr'>infundes,</span> <span class='ocrx_word' id='word_1_126' title='bbox 300 2370 350 2435; x_wconf 87' lang='lat' dir='ltr'>vel</span> <span class='ocrx_word' id='word_1_127' title='bbox 368 2387 485 2453; x_wconf 84' lang='lat' dir='ltr'>aquam</span> <span class='ocrx_word' id='word_1_128' title='bbox 503 2369 688 2452; x_wconf 87' lang='lat' dir='ltr'>lupinorum</span> <span class='ocrx_word' id='word_1_129' title='bbox 706 2367 828 2452; x_wconf 86' lang='lat' dir='ltr'>pfilotri</span> <span class='ocrx_word' id='word_1_130' title='bbox 849 2388 912 2438; x_wconf 77' lang='lat' dir='ltr'>au·</span> 
     </span>
     <span class='ocr_line' id='line_1_20' title="bbox 98 2481 910 2566; baseline -0.007 -13"><span class='ocrx_word' id='word_1_131' title='bbox 98 2485 297 2554; x_wconf 79' lang='lat' dir='ltr'>steritutibus</span> <span class='ocrx_word' id='word_1_132' title='bbox 311 2481 467 2566; x_wconf 74' lang='lat' dir='ltr'>Junstam.</span> <span class='ocrx_word' id='word_1_133' title='bbox 490 2513 533 2530; x_wconf 88' lang='lat'>-··</span> <span class='ocrx_word' id='word_1_134' title='bbox 555 2481 685 2560; x_wconf 85' lang='lat' dir='ltr'>Mures,</span> <span class='ocrx_word' id='word_1_135' title='bbox 707 2481 910 2548; x_wconf 82' lang='lat' dir='ltr'>fiamurcarn</span> 
     </span>
     <span class='ocr_line' id='line_1_21' title="bbox 98 2595 1006 2686; baseline -0.007 -21"><span class='ocrx_word' id='word_1_136' title='bbox 98 2597 225 2686; x_wconf 84' lang='lat' dir='ltr'>spifl&#39;am</span> <span class='ocrx_word' id='word_1_137' title='bbox 247 2598 376 2681; x_wconf 82' lang='lat' dir='ltr'>patinae</span> <span class='ocrx_word' id='word_1_138' title='bbox 395 2596 574 2674; x_wconf 77' lang='lat' dir='ltr'>infuderis,</span> <span class='ocrx_word' id='word_1_139' title='bbox 599 2595 632 2661; x_wconf 74' lang='grc' dir='ltr'>ἃ</span> <span class='ocrx_word' id='word_1_140' title='bbox 648 2597 682 2659; x_wconf 90' lang='lat' dir='ltr'>in</span> <span class='ocrx_word' id='word_1_141' title='bbox 700 2599 796 2662; x_wconf 86' lang='lat' dir='ltr'>domo</span> <span class='ocrx_word' id='word_1_142' title='bbox 811 2595 910 2660; x_wconf 71' lang='lat' dir='ltr'>nolle</span> <span class='ocrx_word' id='word_1_143' title='bbox 1002 2661 1006 2668; x_wconf 74' lang='grc'><strong>,</strong></span> 
     </span>
     <span class='ocr_line' id='line_1_22' title="bbox 98 2704 1009 2800; baseline -0.007 -22"><span class='ocrx_word' id='word_1_144' title='bbox 98 2714 265 2800; x_wconf 84' lang='lat' dir='ltr'>posueris,</span> <span class='ocrx_word' id='word_1_145' title='bbox 288 2711 520 2776; x_wconf 77' lang='lat' dir='ltr'>adhaerebunt.</span> <span class='ocrx_word' id='word_1_146' title='bbox 547 2711 633 2775; x_wconf 82' lang='lat' dir='ltr'>Item</span> <span class='ocrx_word' id='word_1_147' title='bbox 649 2712 861 2787; x_wconf 81' lang='lat' dir='ltr'>necabuntur,</span> <span class='ocrx_word' id='word_1_148' title='bbox 884 2706 909 2773; x_wconf 85' lang='lat' dir='ltr'>sr</span> <span class='ocrx_word' id='word_1_149' title='bbox 1004 2704 1009 2710; x_wconf 89' lang='grc'>’</span> 
     </span>
     <span class='ocr_line' id='line_1_23' title="bbox 98 2823 908 2908; baseline -0.01 -14"><span class='ocrx_word' id='word_1_150' title='bbox 98 2827 266 2894; x_wconf 84' lang='lat' dir='ltr'>helleboro</span> <span class='ocrx_word' id='word_1_151' title='bbox 280 2825 371 2906; x_wconf 79' lang='lat' dir='ltr'>nigro</span> <span class='ocrx_word' id='word_1_152' title='bbox 388 2824 531 2902; x_wconf 79' lang='lat' dir='ltr'>caseum,</span> <span class='ocrx_word' id='word_1_153' title='bbox 554 2823 750 2908; x_wconf 70' lang='lat' dir='ltr'>reipsum,</span> <span class='ocrx_word' id='word_1_154' title='bbox 773 2823 825 2890; x_wconf 81' lang='lat' dir='ltr'>vel</span> <span class='ocrx_word' id='word_1_155' title='bbox 838 2824 908 2887; x_wconf 54' lang='lat' dir='ltr'>elie</span> 
     </span>
    </p>

    <p class='ocr_par' dir='ltr' id='par_1_10' title="bbox 98 2934 909 3139">
     <span class='ocr_line' id='line_1_24' title="bbox 99 2934 909 3027; baseline -0.01 -20"><span class='ocrx_word' id='word_1_156' title='bbox 99 2961 175 3027; x_wconf 86' lang='lat' dir='ltr'>pes,</span> <span class='ocrx_word' id='word_1_157' title='bbox 199 2939 253 3004; x_wconf 88' lang='lat' dir='ltr'>vel</span> <span class='ocrx_word' id='word_1_158' title='bbox 268 2937 435 3021; x_wconf 82' lang='lat' dir='ltr'>polentam</span> <span class='ocrx_word' id='word_1_159' title='bbox 449 2935 637 3020; x_wconf 80' lang='lat' dir='ltr'>permisceas</span> <span class='ocrx_word' id='word_1_160' title='bbox 653 2935 687 3000; x_wconf 78' lang='grc' dir='ltr'>δι</span> <span class='ocrx_word' id='word_1_161' title='bbox 701 2934 830 3002; x_wconf 77' lang='lat' dir='ltr'>offerus.</span> <span class='ocrx_word' id='word_1_162' title='bbox 864 2937 909 3000; x_wconf 81' lang='lat' dir='ltr'>Et</span> 
     </span>
     <span class='ocr_line' id='line_1_25' title="bbox 98 3045 908 3139; baseline -0.014 -19"><span class='ocrx_word' id='word_1_163' title='bbox 98 3054 232 3139; x_wconf 75' lang='lat' dir='ltr'>agrestis</span> <span class='ocrx_word' id='word_1_164' title='bbox 257 3049 498 3116; x_wconf 85' lang='lat' dir='ltr'>cucumeris&amp;</span> <span class='ocrx_word' id='word_1_165' title='bbox 523 3051 760 3135; x_wconf 79' lang='lat' dir='ltr'>colocynthidir</span> <span class='ocrx_word' id='word_1_166' title='bbox 781 3045 908 3130; x_wconf 83' lang='lat' dir='ltr'>suffufio</span> 
     </span>
    </p>

    <p class='ocr_par' dir='ltr' id='par_1_11' title="bbox 97 3161 911 3352">
     <span class='ocr_line' id='line_1_26' title="bbox 97 3161 911 3246; baseline -0.016 -12"><span class='ocrx_word' id='word_1_167' title='bbox 97 3167 140 3234; x_wconf 87' lang='lat' dir='ltr'>fic</span> <span class='ocrx_word' id='word_1_168' title='bbox 155 3165 298 3231; x_wconf 86' lang='lat' dir='ltr'>nocebit.</span> <span class='ocrx_word' id='word_1_169' title='bbox 313 3199 357 3212; x_wconf 86' lang='lat'><em>-</em></span> <span class='ocrx_word' id='word_1_170' title='bbox 372 3164 535 3231; x_wconf 83' lang='lat' dir='ltr'>Adversus</span> <span class='ocrx_word' id='word_1_171' title='bbox 547 3177 656 3228; x_wconf 86' lang='lat' dir='ltr'>rnures</span> <span class='ocrx_word' id='word_1_172' title='bbox 671 3161 911 3246; x_wconf 76' lang='lat' dir='ltr'>agrestes-Apu·</span> 
     </span>
     <span class='ocr_line' id='line_1_27' title="bbox 97 3271 909 3352; baseline -0.016 -5"><span class='ocrx_word' id='word_1_173' title='bbox 97 3277 327 3352; x_wconf 61' lang='lat' dir='ltr'>leiusufferit,</span> <span class='ocrx_word' id='word_1_174' title='bbox 351 3277 471 3341; x_wconf 76' lang='lat' dir='ltr'>semina</span> <span class='ocrx_word' id='word_1_175' title='bbox 487 3278 610 3343; x_wconf 88' lang='lat' dir='ltr'>bubulo</span> <span class='ocrx_word' id='word_1_176' title='bbox 624 3277 700 3340; x_wconf 87' lang='lat' dir='ltr'>felle</span> <span class='ocrx_word' id='word_1_177' title='bbox 715 3271 909 3337; x_wconf 72' lang='lat' dir='ltr'>maceranda</span> 
     </span>
    </p>

    <p class='ocr_par' dir='ltr' id='par_1_12' title="bbox 96 3381 911 3479">
     <span class='ocr_line' id='line_1_28' title="bbox 96 3381 911 3479; baseline -0.015 -19"><span class='ocrx_word' id='word_1_178' title='bbox 96 3403 173 3462; x_wconf 73' lang='lat' dir='ltr'>autc</span> <span class='ocrx_word' id='word_1_179' title='bbox 188 3411 289 3479; x_wconf 83' lang='lat' dir='ltr'>quarn</span> <span class='ocrx_word' id='word_1_180' title='bbox 305 3390 444 3476; x_wconf 75' lang='lat' dir='ltr'>spargas.</span> <span class='ocrx_word' id='word_1_181' title='bbox 487 3389 647 3458; x_wconf 80' lang='lat' dir='ltr'>Nonnulli</span> <span class='ocrx_word' id='word_1_182' title='bbox 663 3381 911 3468; x_wconf 77' lang='lat' dir='ltr'>rhododaphnen</span> 
     </span>
    </p>
   </div>
   <div class='ocr_carea' id='block_1_3' title="bbox 0 0 1184 3952">
    <p class='ocr_par' dir='ltr' id='par_1_13' title="bbox 0 0 1184 3952">
     <span class='ocr_line' id='line_1_29' title="bbox 0 0 1184 3952; baseline 0 0"><span class='ocrx_word' id='word_1_183' title='bbox 0 0 1184 3952; x_wconf 95' lang='lat' dir='ltr'> </span> 
     </span>
    </p>
   </div>
  </div>
 </body>
</html>
