2358 3952
191 309 195 318 .
264 295 310 362 ao
432 275 712 345 nnuunurr
741 275 844 344 urs.
875 275 911 346 r:

264 458 470 526 discernenda
489 456 654 538 granaria,
686 456 738 520 vel
759 457 908 521 vimineis
930 453 1073 522 vasculi·

261 576 384 641 reditus
397 580 511 636 tenues
526 571 725 652 colligemus.
763 569 826 634 Sed
842 568 935 644 fallis
950 589 1071 653 grana·

164 749 166 753 ,
261 690 340 763 riis,
370 703 500 749 amurca
525 685 597 748 luto
622 682 713 746 mista
736 683 875 764 parietes
897 685 1068 762 linuntur5

260 803 313 868 cui
331 799 413 865 aridi
434 796 561 860 oleastri
583 798 635 862 vel
658 796 763 862 olivae
784 797 861 860 lolia
883 815 940 880 pro
961 797 1068 881 paleis
1114 787 1118 804 '¹

78 875 82 878 ’
124 930 127 934 ·
156 877 158 892 ’
259 915 481 998 adjiciuntur:
518 929 584 994 quo
610 908 746 974 tetlorio
777 907 917 988 lisceto,
953 911 1085 976 rursus

258 1047 391 1093 amurca
410 1025 623 1107 respergitur:
646 1042 735 1107 quae
749 1025 805 1088 ubi
820 1021 935 1088 ficcata
950 1025 1067 1102 fuerit,

181 1209 198 1231 f
257 1144 423 1208 frumenta
444 1139 634 1202 condentur.
683 1138 773 1218 llaec
792 1157 842 1201 res
863 1138 1068 1220 gurgulioni-

256 1253 365 1321 bus&
381 1253 516 1329 caeteris
531 1250 636 1314 noxiis
652 1251 845 1314 animalibus
859 1251 989 1315 inimica
1004 1253 1069 1317 est.·

256 1369 370 1450 Aliqui
392 1363 553 1429 coriandri
570 1365 647 1426 folia
667 1365 838 1428 frumentis
862 1365 995 1428 miscent
1021 1369 1065 1432 ad
1166 1369 1167 1376 ’

254 1482 446 1548 servandum
467 1480 644 1561 profutura.
693 1477 778 1540 Nihil
796 1489 903 1542 tamen
926 1481 982 1543 diu
1001 1499 1065 1546 cu·

254 1594 427 1662 stodiendis
447 1593 618 1656 frumentis
640 1595 842 1675 commodius
861 1593 939 1668 erit,
962 1605 1082 1674 qnam'

254 1707 335 1773 fiex
357 1706 441 1770 areis
460 1706 494 1768 in
511 1707 648 1767 alterum
672 1706 780 1768 locum
796 1701 939 1768 vicinum
957 1707 1065 1771 tranl-

254 1822 325 1888 fula
341 1819 569 1902 refrigerentur
582 1818 753 1900 aliquantis
765 1819 888 1895 diebus,
904 1825 1004 1901 atque
1014 1821 1063 1900 lta

254 1935 381 2002 horreis
401 1933 592 2011 inferantur.
641 1933 744 2014 Negat
762 1931 940 1998 Columella
956 1934 1065 1998 venti·
1168 2017 1169 2022 ἵ

147 2059 151 2068 ’
254 2049 352 2114 landa
371 2045 434 2112 esse
456 2049 633 2121 momenta,
666 2046 741 2129 quia
762 2046 863 2128 magis
885 2045 1085 2111 miscentur

254 2161 407 2226 animalia
421 2161 499 2222 totis
513 2160 647 2222 acervis.
676 2157 770 2232 Quae
786 2155 809 2220 fi
824 2177 888 2221 non
904 2179 1061 2223 movean-

215 2331 221 2344 .
253 2281 320 2348 tor,
343 2273 380 2362 in
390 2272 569 2335 summitate
581 2271 667 2332 intra
681 2269 860 2334 mensuram
873 2272 970 2352 palmi
983 2272 1069 2339 sub-⁸

252 2385 374 2462 fillent,
399 2384 433 2449 &
452 2386 513 2448 hoc
530 2385 622 2448 velut
642 2391 794 2469 corrupto
818 2385 905 2458 corio
924 2396 1059 2452 ,caetera

250 2499 359 2565 illaesa
381 2499 553 2562 durabunt.
572 2546 574 2554 ,
598 2495 717 2560 Afferit
732 2499 840 2575 idem,
870 2499 964 2562 noxia
987 2499 1060 2564 arii-

250 2611 350 2678 malia
368 2611 453 2676 ultra
472 2609 669 2693 praedictam
688 2613 866 2703 mensuram
885 2633 949 2676 non
971 2613 1057 2694 poffe

250 2725 408 2809 generari.
456 2724 564 2788 Herba
577 2745 704 2810 conyza
718 2725 796 2789 ficc'a
812 2725 1067 2807 (attinentes-1

248 2837 376 2923 serunt)
392 2835 543 2902 substrata
556 2841 735 2906 frumentis.
759 2842 848 2904 addit
864 2839 973 2903 acuti.
1001 2839 1067 2912 Aa.

247 2951 373 3020 horreis
387 2951 797 3018 tamen‘austereffedebet
810 2953 902 3016 avers
940 2997 949 3016 .
1059 2965 1063 3016 ξ

517 3067 562 3126 Dc
577 3069 634 3126 olei
645 3069 787 3148 fatiorio.

311 3174 397 3241 Tru.
411 3175 490 3241 XX.
515 3177 644 3242 Olentis
656 3181 735 3241 cella
747 3177 933 3244 meridianis
945 3177 983 3244 fit
994 3180 1063 3246 ab.

243 3291 328 3376 jetla
349 3291 511 3374 partibus,
541 3289 577 3355 dc
591 3303 705 3354 contra
725 3293 829 3371 frigus
850 3294 990 3370 munita,
1016 3300 1061 3355 ut·

241 3406 292 3473 illi
303 3422 361 3494 per
376 3403 553 3492 specularia
567 3405 683 3472 debeat
697 3406 810 3472 lumen
826 3401 963 3474 admitti.
996 3384 1052 3472 lta
