2360 3958
265 256 663 342 'MARTIVS
835 271 906 350 135

86 436 629 522 eueaprneacar.puga11000,
651 435 804 515 humido,
827 437 903 504 ruu-
1007 416 1009 422 ’

92 550 190 628 atio,
211 552 258 616 ita
275 558 312 616 ut
329 551 507 644 mitioribus
521 551 646 618 inffulis
664 555 704 616 ad
718 543 838 618 lineam
853 552 902 616 di-

90 664 193 732 reitia
212 649 289 730 bina
304 672 362 730 aut
379 674 472 733 terna
490 684 591 749 grana
611 664 782 751 semipedis
800 665 902 748 spatio

90 779 228 851 discreta
244 786 416 862 ponantur.
446 779 571 845 Dehinc
582 778 718 846 stercore
733 779 836 844 solum
851 787 903 844 te·

91 899 207 976 gatar,
229 891 265 958 δι
284 892 404 958 herbae
422 892 554 962 subinde
570 895 749 970 vellantur,
772 894 826 958 vel
841 909 901 977 pet·

91 1006 236 1070 hiemem
253 1005 346 1089 supra
366 1006 689 1089 straminaJaciantur
702 1006 808 1090 primo
823 1017 900 1073 vere

88 1120 247 1185 tollenda.
271 1119 434 1208 Hincpoit
445 1121 622 1186 triennium
634 1121 803 1187 nascentur
813 1121 905 1204 aspa·

89 1233 172 1318 rugi.
195 1231 259 1298 Sed
271 1235 451 1318 expeditior
463 1237 547 1299 ratio
557 1234 616 1313 est,
638 1233 902 1320 fiaiparagorum

89 1347 363 1431 incommodae,
385 1349 544 1432 quaerito
556 1347 900 1416 frustumministrent.

10 1551 11 1558 ἵ
92 1461 168 1540 idae
180 1458 220 1524 fic
234 1460 332 1528 fient:
355 1461 474 1526 semina
489 1461 631 1546 asparagi
654 1469 775 1544 quanta
794 1462 901 1526 tribua

10 1591 11 1624 ³
88 1575 202 1658 digitis
214 1576 485 1659 comprehendere
499 1575 605 1661 postia,
628 1575 696 1659 post
710 1577 790 1642 Idus
806 1575 899 1641 Febr.

90 1677 206 1773 pingui
222 1687 446 1754 &stercorato
462 1690 531 1756 solo
544 1690 579 1754 in
594 1689 725 1774 fingulis
739 1679 824 1756 ioffis
839 1709 900 1774 po·

88 1823 167 1879 nea,
190 1801 225 1870 ἃ
239 1803 500 1870 leviterobroes.
538 1803 601 1870 His
615 1805 825 1881 coiuntinur,
847 1821 902 1868 ra·

87 1919 145 1984 dix
158 1937 306 1982 connexa
320 1917 489 1996 nascetur,
509 1932 597 2001 quae
613 1919 793 2002 appellatur
806 1917 901 2001 spon·
1035 1965 1037 1972 ι

87 2033 155 2114 gia.
179 2021 242 2096 Sed
256 2029 290 2096 dt
302 2031 383 2096 haec
394 2032 620 2096 moraehabet.
643 2032 729 2098 Nam
738 2049 795 2114 per
808 2031 901 2096 bien-

88 2146 235 2212 ninmio
250 2145 419 2210 seminario
437 2145 493 2210 suo
511 2144 558 2211 eii
574 2145 714 2210 stercore
729 2144 764 2212 δι
779 2140 901 2210 affidua

89 2259 281 2324 runcatione
297 2260 480 2326 nutrienda.
519 2259 645 2326 Deinde
661 2260 729 2342 poti
743 2258 902 2342 aequino-

89 2371 195 2438 t'tium
208 2373 359 2439 autumni
373 2376 603 2451 transferetur,
631 2371 667 2440 ἃ
684 2393 760 2439 vere
773 2370 901 2454 aspara-

89 2507 169 2570 gum
182 2487 284 2552 dabit.
306 2487 376 2552 Has
387 2488 452 2552 erit
463 2487 576 2552 utilius
587 2505 787 2569 comparare,
800 2503 899 2568 quam

91 2601 190 2684 longa
209 2600 433 2683 expostatione
455 2602 592 2666 nutrire.
639 2601 705 2666 Eae
731 2609 841 2667 tamen
863 2601 901 2664 in

89 2715 189 2778 sulcia
210 2715 430 2798 disponemus,
459 2713 482 2778 sr
504 2717 575 2780 ioca
596 2713 678 2780 socca
698 2715 790 2791 sunt,
812 2714 901 2778 inter

90 2829 217 2894 medios
231 2826 353 2906 sulcos3
376 2826 400 2892 fi
418 2830 566 2907 humida,
586 2829 622 2896 in
636 2828 821 2894 summitate
835 2824 901 2892 sui·

14 2917 15 2958 ³
89 2946 221 3006 corum.
250 2942 379 3008 Humor
392 2943 537 3026 spongiae
548 2943 774 3027 asparagorum
787 2935 903 3006 tranii-⁴

87 3057 195 3120 tosuo
208 3055 767 3140 debettantumrigere,nonfistere.
799 3055 904 3136 Aina·
952 3105 955 3112 .

88 3188 217 3252 ragom,
233 3191 334 3256 quem
350 3171 455 3256 primo
471 3172 679 3256 protnlerint,
695 3169 903 3249 confringere

85 3285 251 3377 ¹debemus
270 3302 336 3349 non
354 3286 512 3362 avellere,
535 3306 578 3352 ne
600 3277 913 3352 adhoc'tnvatidrmv

87 3415 280 3467 moveamus
296 3399 473 3488 spongiam:
497 3400 636 3468 caeteris
650 3399 743 3466 annis
756 3395 906 3466 aretem·
1008 3452 1010 3462 ,
1032 3452 1034 3456 .

663 3513 727 3596 14
