2360 3958
299 243 755 357 namus·
863 271 952 340 139-

121 427 199 496 ieris.
214 443 289 492 curn
302 424 379 490 vino
394 424 510 490 tritum
525 443 584 509 per
600 423 723 492 sumina
737 413 861 502 arboris
877 447 933 494 ca·

123 542 255 606 sumina
273 547 400 622 oportet
420 541 564 617 infundi,
593 541 645 606 vel
659 541 858 624 ablaqueatis
879 561 934 607 ra-

123 657 250 722 dicibus
267 653 598 736 tedaeclavusinfigi.
631 655 698 720 Alii
711 655 814 736 algam
831 657 931 720 marl·
1000 637 1002 643 ¹
1099 685 1103 711 r

124 787 200 836 nam
215 769 356 834 obruunt
369 770 410 832 ad
424 770 559 846 radices,
573 769 636 834 ·cui
652 769 799 836 nonnulli
812 769 933 836 stercus

124 883 259 949 miscent
271 859 426 948 asininuin
442 891 539 966 atque
556 884 734 965 porcinum.
766 879 801 947 Si
814 884 932 948 florem

123 1018 191 1066 non
201 991 356 1071 continet,
379 997 507 1062 urinam
523 1005 666 1062 veterem
682 999 825 1083 compari
838 1018 933 1064 nien·

122 1111 196 1176 sura
212 1127 317 1194 aquae
334 1109 545 1192 temperabis,
569 1109 602 1175 ds
619 1119 669 1176 ter
684 1070 741 1195 p<er
754 1123 876 1176 annurn
894 1113 933 1178 in

126 1224 289 1290 radicibus
305 1222 467 1290 infundes.
510 1222 575 1292 Uni
591 1226 697 1290 arbori
712 1227 866 1308 amphora
881 1226 935 1288 in·

14 1405 15 1420 χ
123 1337 211 1422 gesta
225 1335 369 1402 sufficiet.
394 1335 457 1402 Vel
470 1356 637 1403 amurcam
651 1339 760 1405 mittes
770 1338 931 1417 insulsam,

14 1475 15 1482 ¹
92 1533 94 1538 Ι
124 1452 178 1520 vel
193 1453 299 1534 algam
316 1452 480 1517 radicibus
493 1451 623 1535 junges,
646 1451 744 1520 &bis
761 1453 880 1536 rigabis
895 1453 930 1516 in

14 1597 15 1616 κ
122 1565 250 1643 menie3
280 1566 332 1631 vel
349 1566 471 1631 arboris
491 1565 637 1631 florentis
654 1573 805 1632 truncum
823 1557 933 1650 plurir-

124 1680 187 1746 beo
205 1679 328 1744 circulo
344 1680 475 1745 debebis
490 1679 671 1756 includere,
681 1735 683 1745 ,
695 1682 746 1745 vel
763 1680 852 1744 corio
873 1699 933 1744 au-

125 1793 200 1877 guis
217 1792 394 1859 involvere.
439 1791 473 1858 Si
497 1802 629 1878 erepant
649 1814 745 1877 poma
756 1840 768 1872 ,
789 1794 933 1878 lapidem

124 1906 161 1973 in
182 1906 289 1972 media
311 1908 434 1976 arboris
449 1908 555 1972 radice
577 1907 744 1991 supponis,
768 1908 820 1972 vel
835 1906 936 1990 squll·
1040 1913 1044 1920 '

125 2021 193 2088 lam
214 2021 300 2085 circa
318 2022 467 2086 arborem
487 2020 576 2086 seris.
619 2022 664 2084 Et
686 2019 729 2099 fi,
753 2022 832 2087 dum
853 2037 943 2102 pen-v

126 2135 208 2200 dent
228 2153 345 2218 poma,
366 2135 556 2212 tenacibus,
584 2132 664 2200 ficut
683 2135 718 2198 ln
739 2134 854 2198 arbore
874 2135 934 2198 ha·
1075 2159 1078 2166 ·

125 2247 255 2327 nentur,
276 2247 451 2326 intorseris,
473 2247 507 2312 in
520 2257 627 2312 toturn
644 2267 766 2314 annum
780 2244 846 2313 fine
862 2264 935 2310 cor·

127 2362 279 2444 ruptione
311 2361 462 2428 servabis.
507 2359 549 2449 Si
576 2362 740 2427 vermibus
768 2359 934 2438 laborant,

58 2547 62 2554 ,
127 2476 235 2558 tangis
255 2477 379 2541 radices
393 2477 469 2540 felle
480 2476 622 2554 bubulo,
644 2474 679 2541 dr
693 2475 848 2540 continuo
862 2494 935 2539 rno-

128 2589 278 2656 riantur:
301 2598 360 2655 aut
381 2591 473 2654 clavo
492 2610 593 2655 aeneo
615 2586 639 2653 fi
660 2608 785 2656 vermes
806 2588 936 2654 ensdenn

28 2712 33 2724 '
126 2721 280 2788 purges,¹
297 2701 430 2769 difficile
450 2700 639 2771 nascentur:
670 2705 724 2768 vel
744 2701 821 2768 afini
839 2703 935 2768 urina

128 2814 262 2882 stercori
286 2816 418 2882 admista
441 2819 574 2897 porcino
598 2817 761 2883 vermibus
773 2816 934 2882 ‘obviabit

129 2930 219 2996 Ciuis
238 2948 313 2995 cum
332 2932 444 2997 lixivio
462 2933 548 2996 eirea
570 2932 680 2994 Punici
696 2938 848 2994 truncum
870 2931 935 2994 ira·

128 3052 267 3135 quenter
276 3045 416 3122 inlusus,
442 3046 527 3110 laeta
541 3043 575 3111 δι
589 3042 749 3109 frustuusa
765 3044 870 3108 reddit
883 3060 936 3105 ar-

126 3145 231 3223 busta.
269 3158 390 3224 Afferit
402 3159 557 3224 Martialis
572 3159 706 3224 candida
721 3158 756 3220 in
771 3157 821 3220 his
836 3172 937 3237 grana

126 3268 222 3350 fieri,
252 3270 276 3335 ss
298 3272 429 3355 argillae
453 3271 487 3339 dr
507 3282 615 3352 cretae
639 3277 786 3354 quartam
808 3278 935 3352 partem

117 3384 218 3474 gypt}
240 3387 402 3466 mutere,
430 3386 465 3456 ds
479 3396 558 3478 ⁴totu
587 3383 727 3452 triennio
744 3382 813 3448 nor
836 3399 940 3468 genus
