2358 3952
270 204 342 352 '50
466 245 933 332 PALhAD11L1h.I.

297 458 367 519 cua,
390 441 517 515 cedrus,
540 437 621 534 tilia,
643 438 708 502 ilex
723 437 839 516 minor,
858 436 1005 504 &¹linus.
1036 435 1105 507 'sea

292 555 367 654 ¹tani
390 559 617 618 removeantur
643 551 806 616 inimicae.
862 551 960 616 Primi
983 553 1104 637 saporis

296 668 395 735 mella
408 662 515 746 thymi
529 664 641 728 succus
656 661 803 728 effundit.
838 662 978 730 Secundi
994 668 1104 732 meriti

294 781 468 866 thymbra,
499 763 677 862 serpyllum
700 779 752 843 vel
773 778 956 860 origanum.
995 777 1103 845 Tertii
1170 789 1173 797 '

294 893 404 961 meriti
420 891 614 955 rosmarinus
636 888 669 955 dc
690 891 840 956 satureia.
884 891 1040 970 Caetera,
1063 901 1102 958 ut

296 1009 432 1072 arbutus
448 1004 483 1070 dr
498 1005 604 1082 olera,
625 1003 767 1088 saporem
782 1003 890 1068 rustici
906 1007 1010 1073 mellis
1027 1005 1100 1070 effi·

239 1165 242 1176 ·
296 1122 401 1193 ciunt.
446 1118 517 1182 Sint
541 1126 650 1183 autem
671 1119 800 1206 arborea
824 1118 1103 1202 asepteatrionali

294 1242 386 1322 parte
398 1229 573 1316 dispofitae.
617 1230 761 1296 Frutices
777 1242 873 1314 atque
888 1232 1029 1316 virgulta
1043 1253 1100 1296 or-

248 1368 250 1372 ·
292 1331 385 1416 dines
398 1346 469 1411 suos
483 1347 540 1426 sub
557 1343 704 1411 maceriis
720 1355 932 1428 exequantur.
971 1345 1102 1432 Herbas

292 1463 410 1529 deinde
441 1461 476 1524 iu
502 1459 599 1542 plano
629 1458 698 1544 post
727 1459 858 1522 frutices
881 1457 1100 1524 conferemus.

291 1575 376 1641 Fons
390 1574 442 1640 vel
454 1572 545 1636 rivus
557 1573 621 1635 huc
631 1573 801 1654 conueniat
812 1571 944 1654 otiosus,
965 1573 1022 1655 qui
1035 1573 1100 1637 hu-

181 1723 182 1728 *
290 1689 386 1754 miles
404 1686 594 1751 transeundo
611 1686 730 1748 formet
745 1685 895 1763 lacunas,
920 1704 1002 1768 quas
1017 1707 1097 1770 ope-

290 1803 376 1868 riant
393 1818 464 1864 rara
481 1797 515 1864 dr
531 1797 706 1866 transversa
721 1797 877 1880 virgulta,
900 1798 987 1864 sedes
1004 1808 1096 1865 tutae

151 1935 154 1942 ·
289 1915 403 2000 apibus
424 1912 610 1997 praebitura
629 1932 702 1975 cum
723 1909 841 1976 sitient.
899 1911 962 1976 Sed
984 1914 1023 1976 ab
1042 1912 1097 1976 his
1172 1891 1173 1968 l

216 2076 220 2095 t
289 2030 400 2114 apium
414 2025 523 2091 castris
537 2025 632 2110 longe
640 2023 701 2092 lint
714 2026 823 2089 omnia
837 2026 944 2110 odoris
958 2025 1095 2091 horreu-

288 2145 340 2221 di,
362 2142 513 2216 balneae,
535 2137 672 2213 stabula,
694 2140 852 2220 coquinae
864 2137 994 2206 lusoria.
1027 2139 1095 2204 Fu·

287 2275 401 2340 gemus
415 2261 582 2338 praeterea
596 2251 764 2326 animalia,
788 2271 870 2332 quae
890 2252 961 2317 sunt
977 2251 1095 2334 apibus

205 2385 208 2395 '
286 2367 430 2445 inimica,
441 2366 592 2442 lacertos,
604 2364 720 2429 blattas
736 2363 770 2429 dr
785 2365 835 2430 his
851 2363 977 2431 similia.
999 2367 1093 2431 Aves
1168 2411 1169 2424 ,

219 2461 222 2468 ’
284 2482 384 2546 etiam
397 2480 510 2564 pannis
524 2477 559 2544 ἃ
574 2477 779 2560 crepitaculis
794 2483 984 2546 terreamus.
1024 2480 1092 2544 Pu·
1167 2495 1168 2502 ¹

284 2613 341 2659 rus
356 2591 459 2658 custos
474 2588 671 2674 frequens&
686 2589 788 2656 castus
802 2595 946 2671 accedat,
967 2593 1093 2676 habene
1166 2625 1167 2654 r

174 2746 176 2768 r
283 2727 370 2773 nova
389 2707 528 2772 alvearia
544 2713 749 2789 praeparata,
774 2707 892 2790 quibus
911 2706 1093 2787 excipiatur

282 2821 469 2885 examinum
483 2820 574 2884 rudis
585 2817 749 2901 juventus.
772 2799 909 2886 Vitetur
920 2820 1000 2882 odor
1013 2814 1089 2886 coe·
1164 2815 1165 2874 i

281 2913 336 3010 ni,¹
353 2932 388 3000 dr
401 2953 515 2998 cancer
530 2931 658 2997 adustus
673 2930 707 2997 dr
721 2933 827 3008 locus,
849 2931 905 3014 qui
916 2935 956 2998 ad
971 2934 1089 2997 huma-
1163 2985 1164 2997 ,

222 3047 225 3052 '
279 3065 357 3112 nam
377 3064 489 3112 vocem
505 3045 582 3113 salsa
602 3046 783 3110 imitatione
802 3044 981 3129 respondet.
1017 3027 1099 3112 rih-v
1162 3089 1163 3113 r

196 3217 200 3224 .
280 3155 383 3226 fiat&
396 3162 527 3238 herbae,
546 3159 764 3244 tithymallus,
784 3158 998 3237 helleborum,
1014 3160 1089 3226 tha·
1161 3217 1162 3226 ,

278 3271 356 3359 plia,
378 3273 582 3347 absinthium,
606 3273 755 3335 cucumis
767 3272 909 3353 agrestis,
930 3273 964 3340 du
979 3275 1089 3340 omnis
1160 3305 1161 3341 ι

277 3387 461 3454 amaritudo
474 3385 695 3453 conficiendae
709 3385 841 3454 adversa
855 3387 1033 3455 dulcedini.
1159 3391 1160 3408 ¹
