2358 3952
270 291 340 364 nn
370 293 437 362 ru
467 290 714 364 rvsrrcn
851 238 899 385 39

89 471 145 536 vel
165 471 277 536 avibus
294 470 474 556 aquaticis:
497 472 560 536 alia
579 471 771 537 madefaciat
788 471 896 556 virgae

86 582 125 649 &
142 585 230 648 coria
243 581 278 649 δι
297 585 445 668 lupinos,
469 584 503 651 δι
516 583 540 648 fi
555 604 621 672 qua
639 585 798 652 rusticitas
815 605 895 651 cun·

85 696 192 765 suevit
206 698 387 763 infundere.

209 815 254 872 De
265 813 395 892 foenili,
413 815 552 893 palearia
570 810 607 882 ό·
624 817 764 892 lignario.

151 921 238 988 Tru.
254 923 402 989 XXXII.
435 925 533 990 Foeni
544 972 555 1004 ,
578 927 770 1010 palearum,
792 925 892 1010 ligni,

78 1053 263 1100 manarum
278 1035 483 1122 repositiones
495 1040 541 1104 nil
556 1041 665 1117 refert,
680 1041 714 1103 in
725 1058 789 1124 qua
799 1045 891 1120 parte

83 1148 220 1234 [fiaun]
238 1129 414 1216 dummodo
431 1149 531 1230 fictae
551 1151 612 1217 fint
627 1161 725 1235 atque
739 1152 890 1238 perflabi-

81 1265 153 1340 les,
178 1263 211 1328 ἂ
224 1264 322 1348 longe
338 1275 569 1330 removeantur
587 1285 609 1330 a
633 1266 735 1347 villa,
757 1274 889 1352 propter

81 1377 194 1442 casum
214 1353 413 1463 surripientis
424 1379 577 1444 incendii.

357 1503 404 1560 De
413 1503 611 1579 sterquilinio.
683 1503 685 1506 ’

146 1605 233 1674 ‘rm
250 1609 417 1676 XXXHI.
448 1611 633 1677 stercorum
655 1608 815 1694 congestio
836 1608 890 1674 io·

80 1743 160 1788 cum
178 1723 273 1788 suum
293 1733 406 1794 tenere
427 1727 571 1802 debebit,
595 1725 650 1809 qui
670 1725 811 1790 abundet
825 1724 890 1789 hu·

80 1856 190 1915 more,
214 1837 249 1902 br
261 1847 392 1922 propter
404 1840 513 1903 odoris
528 1839 689 1904 horrenda
701 1858 721 1902 a
734 1835 889 1921 praetorii

80 1927 253 2016 avertatur
276 1949 415 2036 aspectu.
475 1952 604 2016 Humor
628 1953 796 2016 abundans
824 1951 888 2013 huc

79 2063 253 2148 praestabit
263 2064 411 2144 stercori,
433 2065 505 2130 utfi
521 2083 587 2150 qua
601 2065 710 2128 insunt
724 2065 887 2144 spinarum

78 2178 221 2254 semina,
251 2179 436 2264 putrefiant.
488 2177 619 2245 Stercus
637 2176 800 2242 asinorum
819 2175 889 2258 pri-
984 2223 991 2236 ,

78 2312 171 2356 mum
193 2292 257 2369 est,
280 2287 419 2359 maxime
440 2291 567 2372 bertin
599 2291 673 2358 dein
690 2289 827 2379 'ovillum
850 2285 886 2356 ὅτ

77 2405 268 2489 caprinum,
291 2405 326 2473 br
344 2407 584 2491 jumentorum
615 2406 783 2490 porcinum
807 2422 908 2486 vero,

76 2517 264 2603 pessimum:
286 2520 412 2587 cineres
430 2521 562 2606 optimi3
591 2520 643 2586 sed
662 2513 885 2584 columbinum

73 2630 342 2710 fervidiffimurn,
374 2645 640 2716 caeterarumque
672 2625 790 2697 avium
810 2631 886 2696 satir

75 2747 161 2812 utile
173 2745 258 2833 [est‚]
268 2756 401 2830 excepto
412 2749 612 2832 palustrium.
636 2743 777 2824 Stercus,
796 2731 893 2828 quod³

72 2880 161 2924 anno
175 2862 379 2944 requieverit,
402 2861 558 2945 segetibus
567 2861 650 2926 utile
659 2859 716 2937 est,
739 2859 885 2925 necher-

73 2976 133 3038 bas
155 2983 266 3040 creat:
293 2972 318 3038 fi
342 2975 494 3040 vetustius
514 2974 567 3052 fit,
584 2975 707 3039 'minus
728 2972 884 3055 proderit.

73 3085 182 3153 Pratis
211 3109 290 3154 vero
318 3089 461 3154 recentia
486 3087 624 3154 stercora
646 3085 816 3183 proficient
841 3085 883 3147 ad

73 3205 156 3266 uber
181 3203 367 3268 herbarum.
412 3203 456 3268 Et
478 3203 576 3268 maris
602 3208 833 3286 purgamenta,
857 3193 882 3258 fi

72 3317 167 3400 aquic
192 3315 343 3382 dulcibuc
365 3319 536 3394 eluantur,
565 3315 657 3382 mista
678 3313 811 3396 reliquia
831 3309 892 3373 vi·'

71 3451 141 3498 cem
163 3429 316 3499 stercoris
344 3431 560 3512 exhibebunt,
589 3429 625 3496 &
648 3429 762 3505 limus,
785 3441 884 3510 quem

213 3553 229 3596 ἒ
632 3543 702 3625 04
778 3615 786 3635 Ι
