2360 3958
127 328 129 337 v
281 321 346 390 150
443 303 722 376 uauuaun
754 279 956 374 mutu.

280 479 368 549 intra
383 459 736 546 viridemcucurbitam
752 479 893 558 clausae,
915 479 996 549 locis
1011 481 1090 546 uni·

283 595 406 678 cuique
418 597 551 672 cavatis,
574 593 700 662 &item
713 592 837 671 teffera,
856 613 938 678 quae
950 594 1089 672 secatur,
1134 591 1138 597 ’

282 706 432 785 inclusis,
454 685 597 773 suspensa
618 727 656 776 ea
675 708 868 784 cucurbita,
898 708 954 772 ubi
968 727 1034 770 non
1051 705 1090 770 fit

237 804 246 813 ’
282 819 370 904 lgnis
386 823 437 888 vel
453 823 575 890 furnus.
619 821 687 886 Alii
703 819 809 886 missas
827 821 911 912 licus
931 831 1090 897 recentes,

140 985 141 990 κ
274 915 394 1019 ,suiuus
420 911 589 1013 naturas,
619 935 655 1002 in
675 955 764 1003 uovo-
784 935 856 1002 vase
876 933 970 1000 fittiti
990 933 1093 998 lestas

287 1067 364 1114 curu
382 1048 552 1131 pediculis,
576 1046 611 1114 u
633 1068 653 1112 a
673 1049 705 1114 se
726 1050 884 1128 separatas
906 1048 1092 1126 recludunt,

277 1158 323 1244 ,dp
337 1162 371 1224 in
385 1162 472 1225 doliu
490 1164 558 1228 tini
576 1163 670 1246 pleno
685 1181 741 1227 vas
757 1172 869 1226 natare
886 1161 1090 1257 permittunt.

286 1273 446 1344 Martialis
459 1275 547 1353 dicit,
570 1276 699 1345 caricas
714 1295 770 1357 per
782 1295 898 1358 genera
911 1275 1015 1340 multa
1029 1273 1095 1340 ser·

252 1421 254 1424 ·
287 1389 374 1469 vari,
399 1409 472 1456 cum
488 1390 570 1455 ratic
584 1410 649 1458 uua
665 1387 812 1457 sufficiat.
855 1390 943 1470 Ergo
956 1389 1019 1454 hoc
1039 1408 1097 1480 ge·

287 1521 367 1578 uere
379 1549 388 1581 ,
412 1523 476 1590 quo
501 1503 675 1586 Campania
697 1511 767 1567 tota
789 1501 946 1580 custodit,
968 1502 1100 1567 servare

159 1600 166 1612 ’
216 1644 220 1656 ¹
289 1601 455 1684 debemus.
490 1619 529 1684 In
542 1618 682 1685 cratibus
695 1617 777 1684 ficus
790 1615 983 1698 expanditur
994 1615 1096 1699 usque

148 1793 152 1804 ,
177 1783 179 1788 .
289 1731 330 1794 ad
348 1729 535 1807 meridiem,
558 1729 593 1798 δι
605 1731 712 1794 adbuc
728 1730 834 1795 mollis
848 1730 882 1793 in
897 1730 1029 1810 qualum
1044 1747 1098 1792 re·

240 1881 241 1890 κ
287 1843 447 1912 funditur.
494 1843 591 1910 Tunc
614 1841 770 1910 caleiadto
794 1845 908 1919 furno,
938 1844 980 1907 ad
1004 1843 1098 1925 panis

287 1955 450 2043 cuqu'eudi
462 1959 606 2036 modum,
624 1955 793 2042 'suppositis
805 1957 910 2021 tribus
921 1955 1097 2040 lapidibus,

288 2090 333 2138 ue
350 2073 461 2136 ardeat
476 2055 811 2156 qualus,¹includitur,
834 2067 983 2136 &clausu
998 2071 1098 2134 furno

291 2185 350 2250 ubi
365 2183 503 2250 discot'ta
518 2185 600 2252 ficus
616 2185 732 2264 suerit,
754 2183 836 2248 ficut
849 2180 893 2248 est
906 2183 1025 2260 calida,
1047 2182 1101 2247 in-

178 2375 183 2388 ¹
289 2296 451 2382 terpcsrtia
473 2299 562 2367 foliis
587 2287 650 2364 suis
679 2299 714 2362 in
740 2276 797 2364 aaa
819 2293 922 2364 fietile
944 2289 1099 2362 conditur

209 2437 212 2442 ·
289 2414 373 2482 bene
385 2415 539 2497 picatum,
555 2411 689 2506 densius
702 2409 813 2495 pressa,
831 2408 1034 2493 &operculo
1050 2411 1102 2477 di·
1174 2463 1175 2470 ,

291 2525 429 2609 ligenter
446 2526 631 2594 obducitur.
676 2522 711 2591 Sl
729 2524 845 2608 pluviis
861 2523 1101 2590 abundantibus

292 2647 399 2706 crates
411 2661 476 2703 non
489 2637 583 2722 possrs
598 2641 789 2722 expandere,
810 2637 867 2706 sub
883 2633 969 2704 testo
981 2655 1036 2702 eas
1052 2637 1101 2704 ita

292 2753 403 2838 ponis,
427 2761 463 2818 ut
478 2753 636 2836 semipede
651 2739 815 2834 erigantur
832 2770 851 2817 a
867 2757 971 2828 terra,
994 2749 1030 2818 dt
1044 2770 1102 2818 eas

151 2895 153 2898 ·
292 2868 334 2934 ad
349 2847 453 2932 vicem
470 2866 564 2942 solis,
589 2865 669 2933 cinis
685 2861 847 2952 [calidus]
866 2862 1029 2947 subiestuc
1044 2883 1102 2929 va-

291 2986 404 3065 poret,
427 2978 604 3046 &subinde
619 2978 714 3057 ficus,
737 2975 816 3043 ficut
832 2977 877 3048 est
893 2977 1003 3055 divisa,
1026 2998 1102 3042 ven·

290 3101 397 3170 tatur,
422 3101 458 3158 ut
473 3092 609 3178 sitorum
628 3087 715 3157 cobia
731 3091 907 3170 ficceutur,
930 3089 1102 3174 &pulpae

290 3217 371 3274 tunc
387 3208 568 3293 duplicatae
583 3207 617 3272 in
633 3205 759 3272 cistellis
774 3205 958 3283 serventur,
982 3202 1104 3268 autio-

290 3322 384 3387 culis.
428 3321 498 3386 Alii
516 3327 659 3386 maturas
677 3319 883 3387 mediocriter
900 3316 984 3388 ficus
997 3315 1032 3384 δι
1048 3318 1102 3384 di-

289 3433 421 3532 tiiaslin
440 3436 581 3506 cratibus
598 3433 783 3524 expandunt
802 3441 874 3502 tcto
893 3431 960 3506 sole
977 3427 1102 3516 fiscan·
