2360 3958
269 279 335 350 148
385 359 391 372 Ι
423 215 930 335 ueneror-rurn.·1v.·

269 425 432 508 lr'umedtic
445 439 527 506 ficus
539 439 657 524 saporis
672 437 774 504 obtufi
787 438 843 519 est,
867 440 923 513 cui
937 439 1078 512 orreum

265 531 342 622 'cius
370 563 484 618 contra
507 555 569 618 hoc
593 553 753 618 radicibus
777 554 967 637 aliquantus
993 558 1077 624 cinis
1137 611 1150 632 ,

230 670 233 678 '
270 670 366 738 debet
380 667 516 734 effundi.
553 665 673 753 Aliqui
687 667 772 731 inter
788 665 915 732 ficariae
931 669 1076 754 caprifici

270 785 420 850 arborem
435 781 554 858 serunt,
574 787 612 844 ut
627 801 694 846 non
708 777 746 843 fit
759 779 882 846 necefl'e
895 799 954 866 per
967 780 1075 866 fingu-

229 890 231 898 ’
267 899 316 964 lar
331 895 461 964 arbores
474 913 533 983 pro
548 893 690 964 remedio
704 895 817 960 eadem
832 909 928 992 poma
945 895 1074 978 suspen·

266 1012 312 1078 di
344 1008 451 1076 Mense
463 1007 578 1086 Jonio,
601 1005 690 1072 circa'
703 1005 1074 1093 solstitiumcaprifican-

267 1125 328 1192 dae
354 1125 426 1188 sunt
453 1121 585 1188 arbores
610 1119 688 1198 fici,
712 1120 746 1186 id
773 1119 840 1199 est,
862 1120 1073 1210 suspendendi

266 1234 359 1322 gron
374 1257 414 1302 ex
436 1233 606 1320 caprifico,
629 1201 714 1311 lino,
737 1237 828 1302 velut
844 1235 925 1302 serta
938 1235 1072 1320 pertufi.

265 1349 302 1421 sl
315 1351 377 1416 hoc
393 1347 488 1427 defit,
512 1347 701 1414 abrotani
671 1367 759 1431 nuga
775 1348 991 1436 suspenditur,
1015 1359 1089 1415 aur

263 1466 399 1554 callum,
422 1463 535 1549 quod'
523 1481 558 1528 m
570 1461 689 1530 ulmeis
703 1461 790 1528 foliis
805 1462 989 1541 iuvenitur,
1012 1471 1074 1530 aur
1175 1471 1176 1480 ’

264 1579 402 1645 arietina
416 1594 537 1640 cornua
552 1575 638 1646 circa
653 1576 778 1640 radices
793 1576 916 1642 arborio
928 1579 1073 1644 obruun-

262 1701 336 1770 tur;
367 1691 420 1756 vel
439 1696 572 1753 truncus
588 1688 737 1766 arborio,
766 1707 832 1774 quo
850 1690 922 1755 loco
940 1697 1072 1774 turget,

260 1803 488 1872 scarificaudoa
512 1801 558 1868 est
570 1846 593 1880 ,‚
611 1809 650 1866 ut
673 1799 765 1886 posint
786 1803 903 1870 humor
915 1790 1070 1873 effluere.

262 1917 317 1986 Ne
336 1937 463 1984 vermes
483 1915 643 2000 patiatur,
672 1934 801 1982 ramum
820 1917 995 1984 terebimbi
1016 1919 1080 1984 vel·

261 2031 387 2102 lentisci
400 2031 519 2096 taleam
535 2049 610 2095 oum
625 2029 744 2114 plantis
759 2028 814 2100 fici
828 2030 997 2097 cacumine
1009 2027 1073 2117 po·

259 2165 377 2215 nemus
397 2143 534 2212 inverso.
575 2139 711 2211 Unciuir
728 2145 831 2210 aereis
845 2145 982 2210 tollendi
999 2145 1072 2212 sunt

222 2265 225 2277 '
260 2279 388 2328 vermes
401 2258 529 2324 exfico.
574 2256 643 2322 Alii
655 2275 833 2336 amurcam,
856 2257 912 2324 alii
927 2266 1073 2325 veterem

259 2375 390 2454 urinam
414 2357 612 2456 ablaqueatis
634 2371 794 2442 radicibus
814 2371 958 2438 miscent.
1001 2373 1074 2440 Alii

220 2482 223 2490 ’
259 2487 407 2555 bitumen
427 2479 591 2551 &bleum
601 2529 612 2563 ,
635 2491 694 2550 aut
712 2481 811 2550 solam
825 2485 946 2551 calcem
960 2486 1073 2554 vivam

257 2599 392 2666 latebris
415 2597 575 2666 vermium
594 2597 724 2664 liniunt.
769 2596 804 2663 si
826 2597 981 2666 formicae
998 2621 1073 2664 mo-

155 2723 163 2754 *
187 2781 190 2784 ,
256 2711 354 2778 lestae
368 2711 459 2788 sunt,
483 2709 622 2788 rubrica,
645 2711 786 2796 butyro,
808 2709 930 2796 &pice
943 2712 1074 2797 liquida

258 2825 352 2890 mista
364 2824 450 2889 circa
463 2831 613 2888 truncum
625 2810 721 2890 debet
733 2824 855 2890 induci.
871 2842 875 2852 ·
894 2824 962 2890 Alii
977 2845 1074 2892 cora·

259 2939 370 3004 cibum
387 2937 506 3022 piscem
526 2945 638 3002 contra
654 2937 807 3003 formicas
820 2939 856 3001 in
873 2939 988 3006 arbore
1003 2937 1073 3004 sus·

257 3051 465 3139 pendendum
479 3049 542 3116 esse
556 3050 761 3134 confinnant.
806 3049 842 3116 si
853 3048 978 3118 sruiiua
993 3043 1071 3118 suoa

144 3145 145 3149 Ἰ
254 3165 349 3233 velut
359 3182 458 3248 aegra
470 3163 628 3248 projiciet,
650 3164 706 3231 alii
726 3165 855 3232 rubrica
878 3173 936 3231 aut
958 3183 1072 3230 amur·

254 3297 294 3344 oa
309 3276 423 3346 insulsa
442 3277 534 3346 mista
553 3293 640 3362 aqua
661 3278 811 3346 arborem
831 3279 980 3358 liniunt3
1012 3277 1070 3346 vel

243 3391 409 3461 'cancrum
421 3391 598 3470 ,fiuvialem
622 3411 811 3464 cumnamo
831 3399 923 3472 rutae
937 3389 1072 3476 suspen·

413 3717 422 3783 i
