2366 3960
177 329 198 370 .,
262 263 329 364 ²³⁵
416 257 695 329 nnnnnnrr
717 259 820 332 ιη.
852 261 917 331 xr.

258 446 333 504 tum
346 434 530 519 adjiciatur,
553 440 668 504 eadem
678 440 731 505 die
743 437 830 524 poffe
844 431 973 505 niutari.
1004 435 1068 508 Vi·
1091 451 1095 462 '

256 553 347 618 tibus
361 570 490 636 quoque
505 553 588 616 hane
602 552 664 618 effe
680 561 850 632 naturam,
872 560 910 617 ut
924 553 996 620 alba
1012 555 1068 620 vel

256 668 351 749 nigra
365 663 390 728 fi
406 667 591 749 redigantur
605 665 641 732 in
659 667 822 746 cinerem,
849 667 988 752 vinoque
1007 669 1066 732 ad-

254 780 423 866 jiciantur,
447 782 478 844 ei
494 797 757 866 unamquamque
769 783 906 846 iormaru
914 779 963 846 sui
972 782 1068 846 coln-

252 896 300 962 uis
315 897 504 978 imponeres
517 904 610 990 ut‘ex
626 893 718 978 nigra
730 895 867 974 luscum,
890 895 1065 975 candidum

254 1030 333 1076 vero
348 1011 500 1074 reddatur
512 1029 553 1073 ex
564 1009 654 1085 alba;
677 1029 719 1073 ea
732 1011 859 1074 ratione
872 1008 1001 1086 scilicet,
1024 1015 1066 1073 ut

254 1121 411 1188 combusti
429 1121 579 1202 sarmenti
598 1122 715 1188 cineris
735 1123 835 1187 ruadii
853 1123 953 1188 unius
969 1142 1064 1186 men-

253 1237 327 1302 sura
342 1235 490 1324 mittatur
502 1235 536 1299 in
552 1236 659 1310 dolio,
681 1239 769 1319 quod
784 1236 916 1303 habebit
927 1235 1064 1320 ampho-

252 1369 307 1415 ras
323 1369 372 1424 x,
402 1349 436 1414 δι
455 1322 564 1419 triduo
584 1348 627 1414 fic
646 1327 881 1434 relitturn'post
897 1350 1062 1433 operiatur

253 1483 293 1528 ac
308 1466 458 1530 lutetur:
490 1428 601 1532 aibum
622 1465 674 1530 vel
694 1462 743 1548 (fi
759 1464 806 1528 ita
820 1463 922 1529 visum
937 1463 1061 1548 luerit)

252 1579 381 1661 nigrum
402 1577 535 1660 reperiri
552 1578 766 1661 quadragInta
790 1578 904 1642 diebus
925 1575 1061 1643 errastis.

252 1689 376 1757 Vinum
387 1709 517 1773 quoque
528 1689 667 1754 afferunt
675 1713 714 1776 ert
725 1691 817 1756 molli
827 1693 910 1756 forte
919 1689 960 1754 fic
968 1690 1062 1756 fianta

253 1805 392 1881 altheae,
413 1803 475 1867 hoc
490 1803 546 1878 est,
569 1803 668 1882 ibisci,
690 1803 769 1869 iulia
781 1805 834 1871 vel
848 1781 987 1882 radices}
1002 1813 1062 1870 aut

252 1915 325 2001 ejus
346 1917 472 1982 caulem
494 1927 642 1982 tenerum
667 1916 837 1983 ductitium
857 1917 968 2000 mitti,
999 1925 1061 1984 aut

249 2032 401 2118 gypsum,
417 2038 474 2096 aut
485 2031 598 2097 ciceris
611 2031 735 2098 cotulas
749 2034 842 2110 duas,
859 2039 917 2097 aut
924 2029 1059 2116 cupreiii

249 2147 367 2230 pilulas
385 2153 469 2224 tres,
491 2154 549 2211 aut
562 2145 642 2210 buxi
654 2147 749 2223 iulia,
771 2154 928 2229 quantum
939 2165 1066 2222 rnauusx

249 2260 382 2343 ceperit,
404 2267 463 2325 aut
473 2259 538 2342 apii
550 2259 667 2336 semen,
690 2268 747 2324 aut
759 2259 901 2327 cinerem
914 2253 1059 2326 sarmen-

248 2381 368 2451 torum,
384 2373 438 2439 cul
453 2373 502 2438 vis
516 2357 796 2457 flammae'uorpus
809 2373 945 2457 reliquit
959 2373 1058 2453 exile,

248 2487 339 2553 omni
353 2486 510 2552 soliditate
523 2485 678 2552 detrudit.
710 2485 834 2554 Vinum
849 2507 927 2553 veru
942 2489 1058 2555 eadem

247 2600 301 2666 die
319 2621 359 2664 ex
375 2599 498 2665 austero
514 2600 700 2686 lympidum
713 2609 811 2685 atque
824 2602 982 2686 optimum
993 2600 1057 2665 fia·

169 2745 171 2749 v
247 2714 277 2779 ri
284 2759 313 2791 ,,
317 2709 348 2795 ii
363 2732 462 2797 grana
483 2714 602 2797 piperis
619 2714 753 2792 decern,
776 2713 906 2798 pistacia
928 2700 1076 2799 viginti,‘

245 2825 371 2908 adjetto
387 2825 514 2892 uindico
527 2827 614 2908 vino,
629 2825 723 2893 iirnul
733 2836 894 2906 conterar,
911 2827 946 2894 ὅτ
955 2829 990 2893 in
1001 2829 1060 2894 sex

243 2939 314 3007 viui
328 2939 482 3006 sextarios
495 2940 617 3021 mittar,
641 2941 697 3006 diu
707 2943 860 3008 omnibus
874 2949 951 3007 ante
965 2959 1058 3006 curn-

242 3053 355 3132 motis,
372 3061 452 3119 tunc
468 3056 665 3140 requiescere
676 3055 820 3140 patiaris,
836 3054 871 3120 δι
883 3055 971 3121 cules
984 3054 1058 3121 usui

242 3188 322 3233 mox
335 3169 492 3235 futurum.
521 3169 607 3235 Item
624 3169 824 3235 feculentum
840 3169 946 3233 statim
964 3169 1057 3252 lyrn-

238 3281 353 3365 pidum
365 3271 467 3360 reddi,
479 3281 512 3363 ,fi
523 3303 582 3348 v11
597 3283 664 3365 pini
677 3283 811 3348 nucleos
825 3283 860 3346 in
873 3301 977 3352 unum
986 3281 1055 3346 vini

122 3482 136 3510 Ι
239 3394 414 3465 sextarium
423 3397 546 3481 mittas,
564 3397 685 3485 diuque
694 3415 912 3481 commoveas,
926 3393 1057 3482 &pau-
