2358 3952
286 259 453 387 uultu
480 265 724 370 Rvs'rIca
861 299 905 364 19

94 433 349 514 lotnasabrlcae
367 443 489 512 trastus
509 429 605 519 unius
627 448 737 513 lateris
757 448 906 534 longitua,

92 565 190 640 dine,
211 562 324 645 inquo
340 563 430 628 scona
445 562 526 637 erit,
550 563 759 626 meridianam
774 575 901 648 partem

92 676 261 759 respiciat,
290 674 325 739 in
344 677 448 758 primo
470 677 589 758 angulo
611 677 772 759 excipiens
789 686 901 749 ortum

92 790 169 854 solia
183 789 328 868 hiberni,
350 787 385 854 δι
396 777 562 870 paululum
575 792 615 854 ab
630 781 796 856 occidente
806 811 900 860 aver·

94 911 185 966 tatur
199 904 341 966 hiemali.
370 907 421 968 lta
435 903 613 985 proveniet,
634 911 674 968 ut
687 904 899 986 perhiemenr
918 903 926 918 ”

92 1017 160 1081 sole
182 1015 375 1094 illustretur,
405 1013 440 1080 br
460 1017 585 1082 calores
607 1016 677 1101 ejus
694 1017 812 1085 aestate
830 1011 916 1087 non

90 1131 220 1196 sentiat.
934 1207 937 1214 Ι

158 1247 205 1305 Dr
222 1243 354 1304 hibernis
369 1240 404 1310 ό·
427 1246 543 1322 aestivis
558 1243 772 1322 munssonibus,
795 1241 832 1314 ό·

246 1401 248 1408 .
341 1423 345 1428 ,
401 1358 595 1432 pauimentis.

160 1467 246 1535 Τιτ.
263 1465 326 1532 ΙΧ.
357 1467 473 1530 Forma
492 1478 603 1530 tamen
622 1463 684 1531 effe
701 1467 796 1532 debet
815 1467 897 1552 ejus-

93 1584 201 1661 modi,
224 1589 263 1646 nt
279 1581 322 1646 ad
341 1580 570 1648 habitationem
590 1581 731 1646 breviter
747 1581 901 1652 collector.

94 1697 128 1764 oz·
140 1696 252 1762 aestati
267 1693 302 1760 δι
316 1688 416 1758 hiemi
428 1693 577 1778 praebeat
587 1693 777 1760 mansiones.
802 1696 900 1774 Quae

92 1811 194 1877 hiemi
208 1816 373 1895 parantur·
383 1808 429 1872 ita
445 1805 505 1872 fint
522 1807 728 1885 constitutae,
751 1819 789 1874 ut
808 1808 900 1893 pollis:

94 1929 149 1992 'aaa
173 1921 395 1991 hibernisolle
417 1931 505 2000 tutus
532 1924 766 2006 propemodum
788 1925 901 1991 cursua'
1041 1986 1043 1990 .
1083 1941 1086 1948 '

91 2040 243 2104 hilarare.
294 2037 334 2102 Iu
355 2027 610 2119 histpaviment'a
633 2043 812 2118 opportuna
833 2035 899 2104 esse

93 2153 266 2218 debebunt.
311 2149 454 2214 Primum
470 2147 504 2214 in
517 2150 646 2215 fabricis
665 2151 769 2232 planis
784 2169 898 2219 earum

94 2261 328 2332 observandum
344 2261 407 2343 er,
430 2272 469 2328 ut
488 2243 633 2347 aequalis
646 2262 686 2330 ’ἃ
702 2262 800 2330 solida
815 2249 902 2330 bona·

92 2379 230 2464 tlgnatio
246 2375 313 2454 liat,
336 2397 379 2442 na
392 2381 510 2458 gradus
525 2379 759 2444 ambulantium
776 2384 806 2442 tr
860 2400 899 2442 o·
1010 2449 1013 2456 p

93 2513 163 2560 rem
178 2491 319 2558 fabricae
331 2492 502 2557 titubantis
517 2471 678 2557 enuntiat
718 2399 856 2558 Derris
862 2500 900 2560 ut

94 2624 171 2674 axes
189 2622 332 2690 quernae
348 2625 422 2668 cnm
442 2605 596 2672 aesculeia
610 2625 675 2684 nun
687 2605 899 2678 misceantur.

93 2722 180 2788 Nam
196 2737 335 2803 quercus
348 2717 485 2784 humore
498 2728 672 2804 concepto,
695 2741 768 2785 cum
781 2740 900 2803 coepe·

73 2864 75 2868 ·
93 2836 136 2900 rit
146 2832 270 2910 siccari,
284 2833 502 2914 torquebitur,
522 2832 556 2901 δι.
573 2834 671 2898 rimas
683 2835 719 2898 in
734 2835 901 2916 pavimen·

92 2957 126 3014 tc
146 2947 269 3013 faciet:
301 2945 449 3014 aesculus
469 2955 579 3012 autem
600 2945 664 3011 fine
688 2949 767 3014 vitiu
789 2949 906 3014 durata

91 3059 192 3128 Sed‘sr
205 3079 329 3145 quercu
349 3031 534 3143 suppetente
546 3061 694 3134 aesculus
706 3059 799 3140 desit,
826 3062 899 3126 sub·

91 3179 192 3244 tiliter
215 3193 356 3259 quercus
376 3175 516 3251 secetur,
540 3172 574 3240 &
593 3176 786 3240 transversus
802 3183 901 3255 atqua
963 3241 966 3250 ,
1068 3155 1071 3162 ¹

90 3289 233 3357 directus
244 3288 362 3371 duplex
369 3299 511 3371 ponatur
521 3291 600 3352 ordo
614 3289 808 3362 tabularum,
833 3285 901 3349 cla-

89 3405 139 3473 ria
151 3399 383 3488 frequentibus
396 3401 495 3468 fixus.
541 3401 593 3466 De
607 3420 715 3473 cerro,
741 3409 799 3466 aut
812 3398 902 3484 sago,
996 3429 997 3434 =

88 3511 90 3520 ⁴
664 3518 689 3582 B
711 3533 733 3584 a
