2360 3958
236 283 309 356 140·
397 257 672 382 crunnum
701 267 802 338 nna
833 267 898 339 ru.

235 457 344 514 torrae
363 445 524 511 radicibus
547 443 616 526 ejus
640 443 808 531 adjungas.
852 447 946 513 Idem
968 447 1048 516 diclt

235 564 338 628 mirae
359 560 591 644 magnitudinis
611 558 705 638 fieri,
734 557 841 625 fiolla
860 560 970 627 fittilis
989 565 1048 630 ob·

129 744 131 748 ,
235 685 352 742 ruatur
368 676 454 739 circa
465 675 613 740 arborem
632 673 758 752 Punici,
781 673 816 740 dr
832 675 867 741 in
881 695 921 742 ea
935 695 1047 744 ramus

236 811 312 856 cum
333 789 414 854 flore
434 789 624 867 claudatur,
653 809 695 855 ne
715 787 841 858 reliliat,
856 791 977 874 ligatus
1002 791 1046 856 ad

234 906 365 991 palum:
388 911 468 968 tunc
482 910 634 987 cooperta
650 903 716 968 olla
727 911 839 968 contra
854 923 1047 989 aquaermu·

236 1020 347 1086 niatur
373 1017 530 1082 incursus.
576 1018 746 1082 Autumno
777 1015 937 1102 patelaria
969 995 1060 1086 suae¹

235 1131 469 1215 magnitudinis
483 1150 579 1215 poma
592 1131 781 1197 rediribebit.
814 1133 919 1196 lllulta
931 1119 965 1196 in
979 1133 1047 1198 Pu·

235 1249 311 1313 nico
322 1245 386 1329 ipse
399 1243 506 1309 affecit
515 1263 611 1328 poma
622 1246 806 1328 procedere,
828 1243 852 1308 sr
865 1246 1045 1331 tithymalli

235 1360 273 1450 dr
288 1361 474 1444 portulacae
487 1358 600 1424 succus
615 1359 792 1443 aequaliter
806 1361 946 1436 mixtus,
966 1369 1048 1426 ante

235 1493 334 1559 quam
362 1473 546 1556 germinet,
576 1481 694 1538 muruco
720 1474 844 1540 arboris
870 1474 1050 1540 adlinatur.'

234 1588 337 1656 Inferi
351 1585 437 1671 posse
450 1583 591 1650 affirmat
603 1588 642 1651 de
657 1605 822 1682 ramorum
833 1589 1045 1667 connexione,

234 1709 274 1766 ut
291 1700 432 1766 medulla
454 1699 610 1781 utrinque
632 1699 729 1763 divisa
743 1699 914 1785 sejungat.
958 1703 998 1768 In
1011 1703 1045 1768 se

234 1798 365 1880 tantum
377 1810 473 1876 inseri
487 1811 591 1895 potest
606 1812 691 1877 circa
706 1812 837 1898 Apriles
852 1817 919 1880 Cal.
935 1815 1047 1882 mense

234 1925 353 1996 Martio
365 1927 492 1992 ultimo.
538 1923 600 1990 Sed
612 1923 696 1990 sesto
708 1935 823 1992 trunco
833 1929 977 1994 surculus
987 1950 1044 1995 re·

233 2037 431 2108 centili'rmus
450 2039 557 2103 statim
572 2040 666 2105 debet
678 2041 793 2120 inseri,
816 2063 857 2108 ne
870 2061 960 2107 mora
973 2043 1045 2108 exi·

233 2177 355 2241 guum,
379 2154 435 2239 qul
456 2153 556 2230 inest,
578 2151 673 2219 ficcet
693 2155 874 2222 humorem.
920 2157 1044 2222 Punica

165 2288 168 2294 “
233 2273 321 2334 mala
340 2267 523 2344 servantur,
546 2265 570 2331 fi
587 2268 701 2351 picatis
719 2271 875 2353 pediculis
896 2272 1044 2336 ordinata

101 2461 103 2466 Ι
230 2384 413 2468 suspendas.
442 2380 568 2446 Aliter:
589 2380 674 2446 lest'a
685 2383 810 2466 integra
823 2384 857 2448 iu
871 2403 955 2467 aqua
970 2403 1043 2449 ma·

232 2499 304 2564 rina
321 2495 373 2561 vel
388 2494 495 2559 muria
511 2496 658 2562 fervente
672 2507 874 2580 mergantur,
896 2506 935 2563 ut
949 2516 1042 2563 com-
1115 2558 1121 2569 ,

231 2611 354 2678 bibant.
402 2607 473 2672 Post
489 2608 634 2690 triduum
652 2611 716 2676 sole
731 2607 904 2688 siccentur,
927 2619 967 2677 ut
981 2611 1041 2678 sub

231 2727 286 2791 dio
303 2717 398 2786 noete
416 2741 482 2785 non
500 2730 667 2788 maneant:
691 2725 760 2808 poli
781 2725 815 2789 in
831 2725 904 2791 loco
922 2725 1042 2807 frigido

230 2838 470 2920 suspendantur.
511 2838 595 2901 Cum
609 2839 828 2915 voluerisuti,
851 2839 1041 2923 aquadulci

230 2948 335 3039 pridie
356 2949 545 3015 macerabis.
590 2947 748 3017 Feruntur
765 2954 845 3018 haec
864 2954 1041 3036 pomisne-

231 3065 381 3160 centiltur
400 3064 574 3128 aemulatio
590 3065 693 3144 item,
718 3063 741 3128 li
758 3085 777 3129 a
794 3063 884 3129 tatto
897 3067 1040 3132 invicem

198 3249 203 3266 ¹
226 3181 372 3263 separata
386 3177 488 3260 paleis
502 3178 690 3245 obruantur.
725 3181 810 3244 Item
825 3177 902 3252 iofl'a
916 3167 1043 3244 fitlonss·

226 3311 286 3378 ga,
310 3292 469 3357 &cortex
485 3289 630 3372 ejusdem
649 3293 879 3376 magnitudinis
893 3301 1039 3374 paratur,

225 3406 382 3476 eoinnla
394 3405 498 3473 scutis
510 3404 722 3476 sonechildis
734 3405 923 3496 affiguntur.
938 3405 1042 3478 Tunc
