2366 3960
283 291 349 367 '230
436 273 718 358 urrunnu
747 273 851 340 uu.
883 272 948 341 xr.

285 477 327 522 ex
349 455 500 520 omnibus
522 473 654 536 germen
678 453 895 536 quodeunque
917 450 1096 534 procedatt

285 555 389 656 quud,
421 570 476 633 ubi
496 567 697 632 convaluerit
715 568 825 648 plenta
836 609 848 643 ,
870 565 947 628 ltine
963 565 1096 629 feciliua

285 685 499 747 transferatur
519 682 625 745 mense
641 671 824 745 Februario.
869 679 969 742 Amat
985 678 1096 756 locum

287 797 442 872 calidum,
463 795 517 859 secl
532 791 736 884 harnestem,
758 792 962 874 &rigatione
975 793 1097 874 gaudet

289 907 323 974 ἃ
337 907 412 973 sole.
440 908 596 974 Inseritur
608 906 789 996 terebintho
804 907 911 972 mense
922 903 1096 970 Februario

289 1024 343 1089 vel
359 1021 495 1086 Martio:
519 1031 552 1084 at
567 1022 624 1084 alii
636 1019 809 1105 amygdalo
824 1013 919 1084 inseri
935 1017 1022 1103 poli'e
1038 1016 1097 1082 fir-

289 1145 433 1202 marunt.
462 1135 595 1201 Cerasus
608 1145 695 1198 amat
708 1135 790 1198 caeli
801 1133 919 1198 ratum
931 1133 1096 1215 frigidum,

227 1227 230 1236 Δ
288 1251 392 1317 solum
414 1268 492 1314 vero
512 1241 676 1332 politiunir
698 1246 881 1312 humetur.
923 1249 963 1312 ln
978 1235 1096 1329 tepidis

289 1362 476 1446 regionibus
488 1381 586 1446 parva
600 1363 759 1445 provenit.
784 1361 933 1428 Calidum
944 1379 1009 1425 non
1024 1367 1099 1442 put·

265 1513 267 1517 ⁴
290 1475 336 1543 est
350 1475 514 1541 sustinere.
544 1477 698 1540 Montana
713 1477 765 1542 vel
781 1475 815 1540 in
828 1475 965 1539 collibus
982 1471 1099 1538 consti-

225 1571 237 1601 ‘
291 1579 366 1656 tuta
382 1591 515 1672 regiune
529 1589 682 1654 laetatur.
727 1586 832 1654 Cerrsr
846 1589 988 1670 plantam
1004 1584 1100 1652 silve·

292 1703 389 1792 firem
403 1704 578 1766 transferre
597 1702 754 1766 debemur
774 1703 881 1767 mense
897 1691 1100 1767 Ostobri'rel

292 1813 484 1894 Novembri,
499 1813 532 1880 ἂ
545 1790 617 1879 eam
625 1815 730 1899 primo
743 1818 761 1892 J
762 1816 907 1892 anuario,
926 1835 1000 1880 eum
1009 1835 1102 1879 eom*

170 1933 173 1940 ’
289 1929 481 2017 prehendit,
511 1929 661 1994 inserere.
714 1929 877 1995 Planturir
899 1949 976 1995 vern
998 1929 1103 1994 creari
1171 1942 1172 1945 ’

291 2042 433 2130 poliunt,
456 2040 662 2127 fipraedistir
673 2039 830 2107 menibus
842 2043 1032 2126 spargantur
1041 2060 1102 2125 po-

293 2175 365 2234 nra,
388 2176 472 2241 quae
491 2158 617 2222 summa
632 2155 788 2222 facilitate
803 2156 984 2222 nascentur.
1027 2157 1101 2239 Ego

291 2267 335 2336 sie
351 2270 445 2355 hujus
464 2271 587 2336 arboris
602 2269 789 2334 fecilitrtem
805 2270 953 2355 probavi,
977 2276 1017 2336 ut
1034 2269 1103 2336 vir·

291 2383 385 2468 gultr
405 2405 446 2448 ex
467 2385 573 2449 ceraso
597 2403 654 2469 pro
674 2383 878 2450 admIniculiu
893 2403 952 2468 per
969 2384 1103 2450 vineam

290 2494 391 2582 polita
410 2497 443 2560 in
464 2499 611 2562 arborem
625 2495 798 2581 prosiluilie
815 2497 1014 2564 confirmem.
1059 2499 1104 2563 Et

292 2611 447 2688 Januario
469 2612 574 2674 mense
595 2611 653 2674 seri
667 2610 779 2694 potest.
824 2611 979 2678 Inseritur
993 2610 1103 2677 mense

288 2721 470 2788 Novembri
482 2723 609 2799 melius,
627 2723 690 2798 vel,
707 2720 732 2786 fi
747 2723 870 2790 necesse
882 2723 931 2803 fit,
953 2725 1103 2791 extreme

291 2835 458 2916 Januario.
501 2837 569 2900 Alii
585 2837 618 2901 n
635 2834 770 2904 Ostobri
789 2839 954 2904 inserenda
973 2836 1036 2904 effe
1052 2839 1103 2904 dl·

287 2957 420 3014 xerunt.
443 2950 599 3015 Martialis
611 2947 646 3015 in
658 2960 774 3016 trunco
786 2951 881 3017 inseri
892 2952 995 3036 jubet.
1019 2952 1103 3018 Mihi

286 3063 372 3129 inter
384 3062 579 3130 corticem'&
593 3066 719 3149 lignum
734 3065 875 3131 feliciter
888 3056 1010 3150 semper
1023 3087 1103 3132 eve·

286 3178 349 3241 nit.
388 3176 457 3254 Qui
472 3176 505 3242 in
523 3185 642 3243 trunco
654 3177 819 3257 inserunt,
841 3177 922 3244 ficut
936 3179 1097 3243 Martialis

287 3290 377 3368 dicit,
400 3311 530 3355 ornnem
544 3290 741 3374 lanuginem,
764 3275 851 3377 qtsae
862 3293 948 3356 eirca
962 3291 1019 3372 eit,
1037 3311 1101 3358 au·

284 3403 372 3469 ferre
387 3403 565 3490 debebunt3
589 3421 701 3491 quant,
723 3403 748 3471 fi
766 3405 969 3490 remanserit,
992 3401 1099 3476 intur
